3426 5096
888 219 932 285 68

326 395 423 488 aeteri
443 401 643 467 mereretur.
669 426 671 431 v
697 391 767 465 Sed
790 391 913 465 intento
933 391 1069 487 negotio
1085 413 1156 465 nee
1173 392 1269 465 visus
1286 415 1349 466 nee
1369 394 1501 467 auditus
1522 411 1526 425 ·

328 537 397 621 ast,
423 529 622 622 rediensque
645 549 783 601 uxorem
807 535 903 600 suam
917 532 1083 599 mortorum
1106 528 1335 623 sepultumque
1354 528 1500 605 invenit.

328 663 426 756 Quod
446 664 545 737 etiam
564 663 759 759 ad'majoris
781 662 910 735 doloris
929 652 1185 737 aeorumnnutu
1203 663 1318 737 divino
1332 663 1402 736 siti
1415 665 1501 739 aeri·

326 798 416 872 disse
430 799 640 872 'eredendum
664 805 727 871 est.
781 797 870 872 Sane
894 821 969 869 enm
995 797 1090 889 quasi
1114 797 1224 871 omnia
1251 799 1412 875 elementa
1437 800 1501 877 aidi

326 935 492 1008 coronaria
513 956 587 1007 esse
607 940 758 1006 cerneret
781 938 814 1004 et
837 933 876 1004 ab
902 932 992 1005 omni
1011 944 1153 1026 prorsus
1177 932 1295 1026 iniquo
1319 934 1500 1025 molimine,
1532 961 1551 1011 a

325 1068 425 1142 la's'ais
445 1070 516 1164 jam
533 1090 618 1163 pene
639 1070 757 1157 rebus,
785 1067 957 1157 deflueret,
983 1089 1056 1139 eum
1073 1067 1226 1143 nefandis
1245 1068 1429 1145 auxiliariis
1446 1070 1501 1141 in-.

325 1202 435 1276 fausta
460 1226 595 1276 rursum
618 1203 843 1298 eepitdrabero
867 1201 1022 1291 consilia,
1050 1203 1216 1294 quomodo
1235 1202 1360 1277 scilieet
1378 1205 1501 1294 dyoee·

325 1339 417 1412 sanis
431 1339 465 1434 1)
479 1340 516 1412 in
536 1339 649 1413 odium
666 1337 878 1433 imperatoris
895 1341 1049 1409 eruentus
1066 1360 1185 1411 manus
1207 1337 1351 1412 inferret
1371 1339 1499 1434 episeo-

98 1552 100 1557 ,
184 1508 314 1558 amns.
326 1473 399 1568 pis,
425 1480 464 1545 ut
480 1473 695 1569 eondagra'tis
715 1472 903 1547 ciuitatibus
926 1470 1016 1566 agris
1041 1472 1139 1545 etiam
1158 1494 1275 1549 eorum
1294 1478 1370 1546 ante
1390 1481 1500 1546 matu-

323 1608 434 1681 ritatis
458 1616 609 1705 tempora
631 1632 701 1693 non
729 1608 864 1702 equales
891 1605 1041 1699 falees2)
1070 1607 1274 1683 immitteret.
1315 1607 1550 1687 ⁸Voluntatis

324 1742 568 1834 otiam-animo,
593 1744 735 1837 qualiter
753 1744 824 1816 suis
840 1745 940 1815 rebus
958 1749 1097 1836 propter
1113 1743 1256 1816 aliorum
1272 1745 1412 1839 dampna
1429 1769 1499 1817 non

322 1882 491 1972 parceret,
519 1877 639 1974 quippe
663 1879 719 1972 qui
737 1879 777 1951 at
795 1877 1014 1952 universitate
1032 1878 1169 1950 sceleris
1186 1878 1338 1971 nequivit
1352 1884 1497 1949 mentem

322 2013 499 2104 reducere,
525 2013 695 2107 quiquee)
723 2021 757 2086 et
781 2006 881 2123 antei
901 2013 938 2085 in
960 2036 1073 2087 nerem
1092 2019 1269 2108 paternam
1291 2036 1362 2086 non
1386 2012 1498 2087 timuit

322 2172 412 2221 arma
430 2171 489 2222 sue
508 2150 741 2245 perversitatis
756 2147 887 2223 afferre.
928 2149 997 2222 Sed
1015 2173 1088 2221 eurn
1105 2171 1190 2244 pene
1206 2148 1358 2221 omnibus
1376 2130 1496 2220 eastris

320 2308 357 2355 ae
375 2283 564 2358 civitatibus
581 2284 652 2356 suis
668 2284 851 2357 minaretur
869 2284 1053 2375 interitum,
1078 2284 1125 2356 ita
1143 2289 1180 2356 ut
1196 2289 1274 2379 post
1291 2289 1420 2356 exactas
1437 2305 1498 2378 pe·
1510 2305 1548 2359 15

321 2417 435 2490 manias
454 2419 526 2513 J'am
547 2418 642 2491 dietis
664 2418 746 2493 loeis
765 2420 836 2492 suis
856 2420 1034 2493 soleratas
1055 2419 1152 2492 sae‘es.
1166 2438 1402 2512 murorumque
1422 2424 1496 2490 tor-

321 2559 432 2624 menta
457 2552 663 2645 intenderet,
697 2556 762 2628 soti
784 2556 911 2651 oppido
937 2555 988 2627 illi
1010 2554 1135 2650 Liptrk
1160 2555 1325 2650 disposuit
1348 2576 1496 2650 parcere,

319 2690 355 2760 in
374 2711 440 2782 quo
459 2689 557 2761 etiam
575 2696 744 2784 tamquam
754 2691 791 2762 in
808 2691 876 2763 fido
893 2691 988 2781 asylo
1004 2713 1040 2761 se
1058 2690 1206 2785 recipere
1225 2691 1383 2786 cogitavit
1397 2696 1495 2782 atque

320 2825 472 2919 ejusdem
494 2825 637 2901 civitatis
660 2825 901 2900 habitatoribus
923 2826 1135 2922 injunxerat,
1159 2833 1198 2898 ut
1221 2849 1293 2905 orum
1318 2825 1495 2899 armaturis

320 2960 391 3031 suis
413 2930 465 3031 die
485 2960 611 3053 prefixa
632 2960 700 3054 ipsi
716 2962 934 3057 solempniter
952 2959 1163 3051 exhiberent,
1190 2966 1354 3053 quatenus
1380 2979 1546 3035 eorumso

321 3094 529 3186 experiretur
552 3093 721 3166 audatiam
740 3100 774 3167 ot
789 3119 860 3167 nen
882 3096 1072 3190 ignoratam
1097 3095 1137 3167 de
1164 3095 1212 3167 eis
1237 3095 1410 3169 videretur
1435 3093 1495 3167 ha-

319 3229 397 3299 bere
424 3226 600 3300 tidueiam.v
641 3227 789 3322 Cumque
814 3230 1031 3325 egrederetru
1053 3231 1202 3307 tumidus
1227 3236 1261 3302 et
1288 3229 1493 3319 efferat-us4)

321 3362 375 3436 vel
404 3361 526 3434 efferus
553 3362 754 3455 minaretur,
789 3387 861 3437 eree
891 3366 945 3438 dei
960 3365 1209 3460 omnipotentis
1240 3387 1359 3438 manus
1383 3362 1494 3447 valida

320 3497 387 3571 sibi
400 3503 469 3571 tam
486 3496 622 3572 fortiter
644 3499 853 3592 imminebat,
879 3500 1132 3574 ut-insanabilis
1149 3499 1343 3596 frigiditatis
1367 3507 1494 3572 tremor

318 3634 514 3710 universum
539 3658 660 3731 eorpus
686 3638 758 3733 ejus
786 3636 969 3732 corriperet
994 3643 1028 3708 et
1053 3661 1127 3709 eum
1152 3636 1292 3709 aliarum
1312 3638 1547 3730 'augmentdes

320 3772 544 3868 egritudinum
559 3771 851 3846 irremediabiliter
871 3770 1027 3845 afficeret.
1080 3770 1220 3844 Positus
1238 3771 1350 3864 itaque
1371 3770 1408 3840 in
1434 3790 1494 3862 ge-

321 3907 481 3997 statorio,
514 3909 556 3980 ad
580 3909 764 4003 proximam
791 3908 906 3982 villam
928 3907 1080 3980 manibus
1105 3907 1249 3979 militum
1275 3878 1493 3978 delutusest.

320 4037 389 4110 -Uti
408 4040 592 4134 suppositis
610 4064 648 4112 ae
665 4042 886 4137 superpositis
906 4043 1058 4137 pluribus
1081 4042 1229 4116 euleitris
1249 4040 1384 4114 minime
1407 4038 1495 4110 eale:

321 4170 429 4245 faetus
445 4178 514 4262 est,
540 4174 600 4245 sed
620 4175 819 4248 utbreviter
837 4176 1035 4268 dixerimus,
1062 4200 1136 4251 eum
1153 4178 1229 4273 ipso
1244 4183 1391 4251 tremore
1417 4181 1495 4271 post

323 4405 347 4471 1)
363 4404 525 4472 dyocesaaus.
786 4428 788 4433 ·
918 4409 945 4475 3)
960 4411 1087 4479 quidquid.

320 4486 346 4555 2)
362 4488 473 4541 fatiores.
919 4492 945 4559 4)
960 4495 1071 4545 effectos.
1096 4524 1101 4537 κ
