3422 5094
869 223 911 288 28

786 307 990 322 -ua

301 396 393 478 mmai
409 394 493 457 seim.
538 396 625 470 Quem
641 404 800 473 superstans
816 392 906 452 David
920 391 1100 452 adolescens:
1137 394 1178 464 0,
1200 392 1307 472 inquid,
1330 393 1403 453 latro
1416 413 1478 455 sce-

302 498 466 558 leratissime
479 508 508 555 et
518 494 653 576 patricida
666 494 835 566 infidissimo,
852 495 898 573 qui
909 495 1069 552 avunculum
1085 513 1174 552 meurn
1191 495 1282 574 patrui
1297 496 1335 553 tui
1349 497 1476 555 osculans

300 599 467 659 interfecisti
491 599 587 668 lilium,
616 607 646 654 ut
664 595 750 655 ludas
773 594 893 675 perfidus
917 592 1030 653 tradidit
1050 594 1195 654 Dominum
1215 594 1309 654 lesum
1331 596 1475 657 Christum.

300 699 382 759 Nunc
399 712 426 759 te
446 710 572 778 premunt
588 709 704 776 peccata
721 707 783 770 tua3
807 716 877 754 nunc
896 707 923 755 te
940 695 993 755 Dei
1014 707 1195 774 persecuntur
1212 696 1332 774 judicia!
1377 697 1476 769 ilodie,

301 803 424 881 inquam,
447 800 567 878 accipies
583 797 656 878 quod
676 798 805 868 mereris,
832 809 861 856 et
879 797 961 875 impio
984 797 1075 874 capite
1096 807 1143 856 tuo
1169 799 1315 870 (manibus)
1341 798 1396 858 tuis
1414 816 1476 858 sce·
1507 805 1527 858 5

301 903 378 963 lestis
397 900 506 961 absciso
523 921 574 979 pro
591 901 630 959 tui
645 897 830 978 magnitudine
849 899 980 969 sceleris,
1004 909 1064 957 toto
1080 899 1174 958 seculo
1190 899 1282 958 fabula
1299 898 1369 959 eris!
1415 901 1476 973 Quo

299 1004 348 1063 tali
373 982 460 1063 morte
485 1013 643 1082 perempto,
665 1021 717 1058 rex
732 999 880 1070 Nicolaus,
907 1011 988 1079 pater
1004 1000 1114 1078 Magni,
1142 1001 1240 1059 timore
1263 1011 1405 1079 correptus
1427 1001 1478 1059 im·

300 1123 412 1175 menso,
437 1105 550 1183 Jamque
565 1123 597 1162 se
616 1114 680 1161 eto
703 1100 892 1161 coessentibus
913 1102 965 1161 sibi
989 1103 1112 1161 cominus
1132 1104 1289 1161 moriturum
1312 1103 1476 1180 suspicatus,

301 1204 433 1286 fugiendo
455 1225 515 1265 cnm
536 1202 705 1263 multitudine
728 1214 897 1262 armatorum
917 1203 1000 1282 juxta
1021 1204 1159 1262 civitatem
1180 1202 1299 1281 Sleswig
1319 1214 1363 1262 est
1385 1213 1476 1262 castra

301 1317 427 1366 metatus.
463 1306 545 1365 Cives
562 1316 653 1364 autem
670 1302 795 1382 ejusdem
811 1305 929 1364 civitatis
946 1303 1054 1362 indole
1071 1305 1098 1364 ei
1113 1305 1228 1383 pacilice
1242 1304 1393 1383 loquentes,
1416 1304 1474 1381 epi·
1488 1306 1526 1362 10

300 1428 412 1487 scopum
429 1427 506 1467 snum
525 1427 585 1466 curn
601 1407 702 1466 ceteris
718 1407 878 1484 primatibus
895 1403 930 1464 ad
952 1423 1012 1464 eum
1033 1407 1110 1484 qnasi
1131 1405 1243 1465 obsides
1262 1407 1425 1475 emiserunt,
1437 1415 1477 1463 ¹et

158 1523 255 1569 tot-tto.
264 1525 286 1568 t.
300 1508 482 1569 introductum
497 1507 587 1579 adse,
610 1508 701 1567 'statim
716 1527 767 1587 pro
782 1506 888 1566 loribus
902 1507 1020 1566 ecclesie
1035 1508 1153 1585 positum
1168 1508 1195 1565 iu
1210 1507 1337 1565 oratione
1350 1526 1477 1586 pereme-

300 1621 377 1682 runt,
400 1621 429 1670 et
451 1611 513 1668 loco
535 1609 596 1687 ejus
613 1608 739 1679 lirinum,
762 1608 844 1667 lilium
863 1609 956 1667 fratris
973 1608 1050 1685 ejus,
1073 1627 1152 1687 mem
1170 1607 1288 1686 Magnus
1311 1619 1394 1667 antea
1414 1627 1477 1687 per-

301 1711 481 1790 sequebatur,
504 1730 565 1769 cum
587 1710 660 1768 omni
681 1720 756 1768 terre
778 1711 877 1788 populo
899 1729 994 1788 regern
1017 1710 1226 1768 constituerunt.

388 1812 541 1891 Imperator
558 1831 618 1870 curn
640 1812 763 1870 exercitu
780 1808 914 1870 adversus
934 1808 1030 1870 ducem
1049 1809 1216 1870 Fridericum
1234 1823 1262 1870 et
1279 1812 1392 1869 fratrem
1413 1811 1474 1887 ejus
1488 1813 1526 1868 15

302 1910 470 1972 Friulericum
484 1912 620 1972 Sweviam
642 1909 809 1990 ingreditnr3
833 1913 897 1971 villa
911 1911 989 1971 Ulma
1005 1910 1126 1971 funditus
1142 1911 1300 1982 destruitur,
1322 1912 1436 1970 castella
1447 1913 1474 1983 1)

301 2025 331 2074 et
348 2015 510 2074 munitiones
527 2013 643 2093 plurime
662 2024 838 2085 evertuntur,
860 2024 990 2092 tantaque
1012 2012 1092 2073 clade
1115 2015 1203 2081 omnis
1221 2013 1330 2073 Suesia
1350 2012 1477 2092 percelli·

301 2126 360 2188 tur,
382 2127 412 2175 nt
427 2109 491 2174 nibil
510 2126 573 2173 ante
592 2114 679 2174 simile
697 2115 797 2172 lactum
817 2135 835 2172 a
853 2116 957 2173 cunctis
976 2115 1086 2193 regibus
1102 2126 1278 2174 mensuretur.

154 2236 186 2280 n.
198 2247 220 2281 u
234 2235 292 2282 stas
383 2216 466 2277 Anno
486 2214 597 2275 Domini
612 2212 777 2275 MCXXXV
795 2214 951 2275 Fridcricns
972 2214 1028 2274 dux
1045 2217 1198 2275 Suevorum
1220 2216 1338 2294 gratiam
1359 2216 1477 2293 impera·

300 2319 369 2378 toris
387 2318 512 2397 quesivit.
556 2315 721 2393 Babeoberg
737 2315 773 2374 ad
795 2318 898 2376 curiam
917 2316 1007 2377 media
1029 2317 1241 2397 quadragesima
1258 2317 1378 2375 babitans
1396 2328 1426 2376 et
1438 2335 1475 2376 ex
1485 2322 1529 2377 2⁰

302 2408 438 2478 sententia
454 2417 628 2495 imperatoris
647 2427 675 2474 et
692 2417 811 2475 unanimi
827 2437 963 2481 consensu
986 2420 1135 2498 principum
1157 2438 1212 2497 pax
1233 2438 1298 2478 esse
1321 2417 1477 2477 decernitur

302 2519 328 2578 Χ
344 2519 422 2579 anais
438 2538 489 2598 per
502 2498 615 2597 regnum
631 2519 835 2593 univer-sumt),
858 2520 1063 2597 conjurantibus
1079 2521 1184 2579 cunctis
1198 2521 1225 2577 in
1239 2519 1268 2578 id
1282 2521 1378 2598 ipsum.
1408 2518 1477 2577 Post

302 2621 357 2680 boc
370 2619 518 2678 thbarius
534 2619 684 2697 imperator
699 2621 801 2679 curiam
816 2641 892 2680 suam
911 2621 983 2701 apud
998 2621 1184 2699 Mersenbnrg
1199 2621 1294 2679 babuit
1311 2618 1347 2679 ad
1360 2620 1476 2679 Vincula

303 2722 392 2783 sancti
410 2720 497 2792 Petri,
519 2720 564 2779 ubi
581 2740 617 2779 cx
631 2733 763 2800 precepto
779 2723 953 2800 imperatoris
971 2721 1026 2782 dux
1041 2722 1205 2782 Polonorum
1222 2723 1312 2793 affuit,
1335 2724 1379 2801 qui
1397 2741 1478 2800 sepe-

302 2841 415 2882 numero
435 2824 600 2882 anteriorum
618 2824 811 2903 imperatorum
829 2814 968 2903 impetitus
984 2824 1072 2895 bello,
1095 2843 1162 2903 sepe
1179 2835 1308 2902 rogatus,
1330 2843 1397 2903 sepe
1412 2843 1475 2882 sua·
1486 2834 1526 2887 25

302 2945 350 2984 sus
374 2923 617 3005 promissionibus,
646 2945 781 3004 nunquam
804 2922 894 2984 tamen
920 2925 956 2984 ad
979 2945 1073 2986 eorum
1097 2926 1200 2984 curiam
1222 2926 1316 2985 venire
1338 2925 1478 2984 consensit

303 3036 426 3085 vontus.
471 3024 557 3083 Attuo
579 3025 662 3083 etiarn
685 3025 741 3084 dux
759 3025 941 3085 bohemorum
962 3025 1121 3100 Udalricns,
1149 3028 1195 3107 qui
1217 3047 1278 3086 cum
1302 3037 1379 3086 esset
1401 3025 1476 3085 ducis

262 3178 271 3191 ,
302 3124 469 3184 Polonornm
497 3125 689 3191 infestissimus
717 3126 857 3198 inimicus,
888 3128 1076 3187 reconciliavit
1103 3146 1152 3187 eos
1179 3128 1329 3207 imperator
1350 3129 1475 3188 invicem.

205 3254 208 3263 ·
302 3225 461 3304 Eodemque
477 3244 584 3306 qnoque
602 3237 726 3306 tempore
743 3239 876 3287 venerunt
893 3228 928 3288 ad
946 3230 1139 3308 imperatorem
1156 3229 1317 3288 Lotbarium
1335 3226 1391 3288 dux
1408 3249 1475 3287 nnus

302 3339 333 3388 et
349 3329 495 3408 episcopus
513 3347 530 3385 a
546 3346 614 3407 rege
632 3328 708 3387 missi
723 3326 838 3401 Grecis,
861 3350 921 3389 cnm
939 3331 1038 3411 legatis
1057 3330 1133 3390 ducis
1148 3331 1283 3403 Venetie,
1305 3346 1474 3410 conqueren-
1485 3344 1527 3399 50

303 3442 346 3490 tes
362 3442 443 3510 atque
456 3427 589 3507 judicium
605 3430 775 3507 postulantes
792 3428 924 3491 adversus
939 3430 1116 3512 Ruoggemru
1132 3431 1266 3511 quendam
1282 3434 1408 3492 comitem
1423 3432 1477 3491 Ce-

304 3532 379 3603 cilie,
402 3532 447 3610 qui
464 3541 493 3590 et
510 3532 570 3610 regi
588 3530 687 3590 Grecie
704 3531 843 3605 Africam,
867 3553 919 3612 que
940 3534 1022 3593 tertia
1041 3554 1106 3613 pars
1122 3532 1212 3593 mundi
1229 3553 1293 3594 esse
1316 3533 1477 3603 dinoscitur,

303 3635 387 3694 armis
409 3631 593 3711 expugnando
615 3653 674 3692 curn
697 3635 813 3713 paganis
833 3635 945 3694 abstulit
964 3655 1068 3715 suoque
1089 3635 1210 3694 dominio
1229 3634 1364 3707 subdidit,
1377 3634 1478 3713 'ibique

302 3734 428 3796 madenia
446 3735 499 3795 sibi
516 3736 595 3815 regni
613 3736 755 3815 imponens
776 3738 883 3816 regium
899 3757 997 3797 nomeu
1018 3738 1174 3816 usurpavit,
1197 3737 1322 3796 Venetos
1340 3757 1407 3796 vero
1430 3734 1478 3795 de-

301 3839 438 3917 spolians,
460 3837 631 3898 diversarum
645 3840 774 3898 mercium
791 3838 971 3927 quadraginta
986 3839 1086 3898 milium
1104 3839 1267 3898 talentorum
1282 3837 1394 3898 abstulit
1410 3857 1475 3916 pre·
1485 3853 1528 3906 35

305 3939 378 3996 tium.
425 3937 482 3997 Sed
503 3952 532 3998 et
556 3938 590 3998 de
611 3941 724 4018 imperio
743 3941 866 3999 Romano
886 3952 970 3999 toturn
989 3940 1116 4020 Apuliam
1139 3952 1221 4019 atque
1239 3940 1391 3998 Calabriam
1413 3937 1477 3995 sub·

303 4040 398 4109 traxit,
421 4040 529 4119 aliaque
544 4040 673 4118 perplura
690 4053 787 4099 contra
799 4042 845 4119 jus
863 4043 958 4122 lasque
973 4045 1152 4123 perpetravit.
1188 4043 1291 4100 Contra
1308 4040 1378 4099 hunc
1393 4039 1478 4117 igitur

302 4141 497 4219 promittuntur
516 4160 533 4198 a
554 4141 652 4217 legatis
675 4140 710 4199 nd
732 4143 947 4220 supplementum
969 4146 1107 4204 exercitus
1127 4145 1300 4225 imperatoris
1322 4161 1407 4200 naves
1430 4159 1478 4198 co·

302 4243 396 4319 piosa,
419 4241 531 4299 militurn
548 4240 672 4318 legiones
684 4242 712 4315 8)
734 4243 873 4304 innumero
881 4246 929 4320 4),
952 4247 1011 4303 auri
1029 4256 1058 4304 et
1073 4247 1179 4327 urgenti
1200 4246 1235 4306 nd
1253 4264 1361 4306 omnam
1383 4242 1478 4320 bnjus·

304 4422 329 4486 1)
345 4420 461 4473 Castelle.
900 4425 927 4492 3)
943 4426 1087 4492 legationes.

302 4506 329 4575 2)
344 4506 521 4559 uniuersorum.
869 4524 875 4529 ·
902 4507 929 4575 4)
943 4509 1080 4562 imminere.
1180 4574 1185 4587 .
