<?xml version="1.0" encoding="UTF-8"?>
<!DOCTYPE html PUBLIC "-//W3C//DTD XHTML 1.0 Transitional//EN"
    "http://www.w3.org/TR/xhtml1/DTD/xhtml1-transitional.dtd">
<html xmlns="http://www.w3.org/1999/xhtml" xml:lang="en" lang="en">
 <head>
  <title>
</title>
<meta http-equiv="Content-Type" content="text/html;charset=utf-8" />
  <meta name='ocr-system' content='tesseract 3.04.00' />
  <meta name='ocr-capabilities' content='ocr_page ocr_carea ocr_par ocr_line ocrx_word'/>
</head>
<body>
  <div class='ocr_page' id='page_1' title='image "annalesreinhard00germgoog_0124.png"; bbox 0 0 3426 5096; ppageno 0'>
   <div class='ocr_carea' id='block_1_1' title="bbox 884 226 927 290">
    <p class='ocr_par' dir='ltr' id='par_1_1' title="bbox 884 226 927 290">
     <span class='ocr_line' id='line_1_1' title="bbox 884 226 927 290; baseline 0 0"><span class='ocrx_word' id='word_1_1' title='bbox 884 226 927 290; x_wconf 82' lang='lat'><strong>80</strong></span> 
     </span>
    </p>
   </div>
   <div class='ocr_carea' id='block_1_2' title="bbox 181 396 1543 3466">
    <p class='ocr_par' dir='ltr' id='par_1_2' title="bbox 321 396 1496 629">
     <span class='ocr_line' id='line_1_2' title="bbox 321 396 1496 497; baseline -0.002 -23"><span class='ocrx_word' id='word_1_2' title='bbox 321 399 477 496; x_wconf 78' lang='lat' dir='ltr'><strong>sepelivit</strong></span> <span class='ocrx_word' id='word_1_3' title='bbox 492 399 543 491; x_wconf 83' lang='lat'><strong>¹),</strong></span> <span class='ocrx_word' id='word_1_4' title='bbox 570 422 607 473; x_wconf 90' lang='lat' dir='ltr'><strong>ac</strong></span> <span class='ocrx_word' id='word_1_5' title='bbox 624 398 654 471; x_wconf 91' lang='lat' dir='ltr'><strong>si</strong></span> <span class='ocrx_word' id='word_1_6' title='bbox 666 396 765 472; x_wconf 76' lang='lat' dir='ltr'><strong>diuiti</strong></span> <span class='ocrx_word' id='word_1_7' title='bbox 781 420 883 471; x_wconf 84' lang='lat' dir='ltr'><strong>avaro</strong></span> <span class='ocrx_word' id='word_1_8' title='bbox 901 398 1040 492; x_wconf 86' lang='lat' dir='ltr'><strong>prodest</strong></span> <span class='ocrx_word' id='word_1_9' title='bbox 1062 397 1189 490; x_wconf 84' lang='lat' dir='ltr'><strong>aliquid</strong></span> <span class='ocrx_word' id='word_1_10' title='bbox 1206 397 1365 493; x_wconf 70' lang='lat' dir='ltr'><strong>pretiosa</strong></span> <span class='ocrx_word' id='word_1_11' title='bbox 1380 402 1496 497; x_wconf 75' lang='lat' dir='ltr'><strong>sepul-¹</strong></span> 
     </span>
     <span class='ocr_line' id='line_1_3' title="bbox 321 531 1302 629; baseline -0.003 -20"><span class='ocrx_word' id='word_1_12' title='bbox 321 543 418 627; x_wconf 85' lang='lat' dir='ltr'><strong>tura,</strong></span> <span class='ocrx_word' id='word_1_13' title='bbox 444 537 538 609; x_wconf 85' lang='lat' dir='ltr'><strong>obest</strong></span> <span class='ocrx_word' id='word_1_14' title='bbox 562 533 701 629; x_wconf 91' lang='lat' dir='ltr'><strong>pauperi</strong></span> <span class='ocrx_word' id='word_1_15' title='bbox 721 534 816 629; x_wconf 87' lang='lat' dir='ltr'><strong>justo</strong></span> <span class='ocrx_word' id='word_1_16' title='bbox 843 531 921 607; x_wconf 82' lang='lat' dir='ltr'><strong>vilis</strong></span> <span class='ocrx_word' id='word_1_17' title='bbox 947 540 1005 605; x_wconf 85' lang='lat' dir='ltr'><strong>aut</strong></span> <span class='ocrx_word' id='word_1_18' title='bbox 1029 532 1122 605; x_wconf 87' lang='lat' dir='ltr'><strong>nulla</strong></span> <span class='ocrx_word' id='word_1_19' title='bbox 1146 555 1208 606; x_wconf 91' lang='lat' dir='ltr'><strong>nec</strong></span> <span class='ocrx_word' id='word_1_20' title='bbox 1232 532 1302 606; x_wconf 83' lang='lat' dir='ltr'><strong>illa.</strong></span> 
     </span>
    </p>

    <p class='ocr_par' dir='ltr' id='par_1_3' title="bbox 181 668 1543 3466">
     <span class='ocr_line' id='line_1_4' title="bbox 181 668 1495 769; baseline 0.002 -27"><span class='ocrx_word' id='word_1_21' title='bbox 181 681 222 726; x_wconf 72' lang='lat'>¹⁰¹·</span> <span class='ocrx_word' id='word_1_22' title='bbox 236 682 314 726; x_wconf 52' lang='lat'><strong>³³¹⁴·</strong></span> <span class='ocrx_word' id='word_1_23' title='bbox 422 671 557 742; x_wconf 78' lang='lat' dir='ltr'><strong>Interea</strong></span> <span class='ocrx_word' id='word_1_24' title='bbox 576 668 744 769; x_wconf 74' lang='lat' dir='ltr'>principes</span> <span class='ocrx_word' id='word_1_25' title='bbox 758 668 933 741; x_wconf 87' lang='lat' dir='ltr'><strong>Alemanie</strong></span> <span class='ocrx_word' id='word_1_26' title='bbox 959 691 1033 740; x_wconf 91' lang='lat' dir='ltr'><strong>cum</strong></span> <span class='ocrx_word' id='word_1_27' title='bbox 1057 668 1187 763; x_wconf 85' lang='lat' dir='ltr'><strong>magnis</strong></span> <span class='ocrx_word' id='word_1_28' title='bbox 1211 670 1423 764; x_wconf 69' lang='lat' dir='ltr'><strong>apparatibus</strong></span> <span class='ocrx_word' id='word_1_29' title='bbox 1442 672 1495 745; x_wconf 87' lang='lat' dir='ltr'><strong>la·</strong></span> 
     </span>
     <span class='ocr_line' id='line_1_5' title="bbox 319 803 1493 897; baseline -0.001 -17"><span class='ocrx_word' id='word_1_30' title='bbox 319 805 495 880; x_wconf 78' lang='lat' dir='ltr'><strong>titudinem</strong></span> <span class='ocrx_word' id='word_1_31' title='bbox 510 804 746 895; x_wconf 86' lang='lat' dir='ltr'><strong>ementientes,</strong></span> <span class='ocrx_word' id='word_1_32' title='bbox 771 804 908 878; x_wconf 76' lang='lat' dir='ltr'><strong>vitando</strong></span> <span class='ocrx_word' id='word_1_33' title='bbox 924 803 1063 897; x_wconf 79' lang='lat' dir='ltr'><strong>scyllam</strong></span> <span class='ocrx_word' id='word_1_34' title='bbox 1076 803 1277 877; x_wconf 85' lang='lat' dir='ltr'><strong>inciderunt.</strong></span> <span class='ocrx_word' id='word_1_35' title='bbox 1290 804 1493 897; x_wconf 78' lang='lat' dir='ltr'><strong>charybdin:</strong></span> 
     </span>
     <span class='ocr_line' id='line_1_6' title="bbox 322 938 1542 1036; baseline 0.003 -21"><span class='ocrx_word' id='word_1_36' title='bbox 322 940 442 1033; x_wconf 83' lang='lat' dir='ltr'><strong>Sicque</strong></span> <span class='ocrx_word' id='word_1_37' title='bbox 468 938 674 1035; x_wconf 67' lang='lat' dir='ltr'><strong>fatigabundi</strong></span> <span class='ocrx_word' id='word_1_38' title='bbox 694 938 888 1012; x_wconf 73' lang='lat' dir='ltr'><strong>cismarinae</strong></span> <span class='ocrx_word' id='word_1_39' title='bbox 910 939 1076 1017; x_wconf 75' lang='lat' dir='ltr'><strong>Adriatici</strong></span> <span class='ocrx_word' id='word_1_40' title='bbox 1101 939 1204 1033; x_wconf 75' lang='lat' dir='ltr'><strong>ripas</strong></span> <span class='ocrx_word' id='word_1_41' title='bbox 1224 963 1344 1036; x_wconf 77' lang='lat' dir='ltr'><strong>magno</strong></span> <span class='ocrx_word' id='word_1_42' title='bbox 1377 965 1490 1015; x_wconf 89' lang='lat' dir='ltr'><strong>rernm</strong></span> <span class='ocrx_word' id='word_1_43' title='bbox 1523 969 1542 1020; x_wconf 85' lang='lat' dir='ltr'><strong>s</strong></span> 
     </span>
     <span class='ocr_line' id='line_1_7' title="bbox 321 1073 1493 1171; baseline 0.001 -22"><span class='ocrx_word' id='word_1_44' title='bbox 321 1082 355 1151; x_wconf 85' lang='lat' dir='ltr'><strong>et</strong></span> <span class='ocrx_word' id='word_1_45' title='bbox 372 1075 522 1170; x_wconf 86' lang='lat' dir='ltr'><strong>corporis</strong></span> <span class='ocrx_word' id='word_1_46' title='bbox 541 1073 715 1170; x_wconf 89' lang='lat' dir='ltr'><strong>dispendio</strong></span> <span class='ocrx_word' id='word_1_47' title='bbox 734 1075 791 1148; x_wconf 82' lang='lat' dir='ltr'><strong>vix</strong></span> <span class='ocrx_word' id='word_1_48' title='bbox 808 1075 1009 1171; x_wconf 81' lang='lat' dir='ltr'><strong>attigerunt,</strong></span> <span class='ocrx_word' id='word_1_49' title='bbox 1041 1075 1152 1170; x_wconf 84' lang='lat' dir='ltr'><strong>ignari</strong></span> <span class='ocrx_word' id='word_1_50' title='bbox 1170 1080 1282 1147; x_wconf 87' lang='lat' dir='ltr'><strong>tamen</strong></span> <span class='ocrx_word' id='word_1_51' title='bbox 1307 1079 1398 1168; x_wconf 82' lang='lat' dir='ltr'><strong>quod</strong></span> <span class='ocrx_word' id='word_1_52' title='bbox 1417 1078 1493 1150; x_wconf 88' lang='lat' dir='ltr'><strong>Ro-</strong></span> 
     </span>
     <span class='ocr_line' id='line_1_8' title="bbox 321 1209 1493 1306; baseline 0.001 -23"><span class='ocrx_word' id='word_1_53' title='bbox 321 1234 496 1283; x_wconf 86' lang='lat' dir='ltr'><strong>manorum</strong></span> <span class='ocrx_word' id='word_1_54' title='bbox 519 1211 675 1306; x_wconf 85' lang='lat' dir='ltr'><strong>princeps</strong></span> <span class='ocrx_word' id='word_1_55' title='bbox 704 1216 773 1282; x_wconf 90' lang='lat' dir='ltr'><strong>tam</strong></span> <span class='ocrx_word' id='word_1_56' title='bbox 800 1212 966 1305; x_wconf 89' lang='lat' dir='ltr'><strong>stupenda</strong></span> <span class='ocrx_word' id='word_1_57' title='bbox 990 1216 1098 1287; x_wconf 82' lang='lat' dir='ltr'><strong>morte</strong></span> <span class='ocrx_word' id='word_1_58' title='bbox 1132 1209 1351 1282; x_wconf 86' lang='lat' dir='ltr'><strong>occubuisset.</strong></span> <span class='ocrx_word' id='word_1_59' title='bbox 1400 1210 1493 1284; x_wconf 75' lang='lat' dir='ltr'><strong>rue-</strong></span> 
     </span>
     <span class='ocr_line' id='line_1_9' title="bbox 320 1344 1491 1441; baseline -0.004 -23"><span class='ocrx_word' id='word_1_60' title='bbox 320 1351 522 1418; x_wconf 77' lang='lat' dir='ltr'><strong>tentantem</strong></span> <span class='ocrx_word' id='word_1_61' title='bbox 539 1345 738 1417; x_wconf 67' lang='lat' dir='ltr'><strong>&#39;theutonici</strong></span> <span class='ocrx_word' id='word_1_62' title='bbox 750 1346 785 1436; x_wconf 78' lang='lat'><strong>2)</strong></span> <span class='ocrx_word' id='word_1_63' title='bbox 805 1344 1004 1441; x_wconf 86' lang='lat' dir='ltr'><strong>principales</strong></span> <span class='ocrx_word' id='word_1_64' title='bbox 1023 1346 1064 1417; x_wconf 91' lang='lat' dir='ltr'><strong>ad</strong></span> <span class='ocrx_word' id='word_1_65' title='bbox 1084 1345 1291 1439; x_wconf 74' lang='lat' dir='ltr'><strong>procinctuum</strong></span> <span class='ocrx_word' id='word_1_66' title='bbox 1311 1345 1417 1418; x_wconf 77' lang='lat' dir='ltr'><strong>sandi</strong></span> <span class='ocrx_word' id='word_1_67' title='bbox 1432 1346 1491 1418; x_wconf 62' lang='lat' dir='ltr'><strong>ici„</strong></span> 
     </span>
     <span class='ocr_line' id='line_1_10' title="bbox 320 1479 1491 1575; baseline 0 -22"><span class='ocrx_word' id='word_1_68' title='bbox 320 1481 412 1554; x_wconf 90' lang='lat' dir='ltr'><strong>neris</strong></span> <span class='ocrx_word' id='word_1_69' title='bbox 436 1487 627 1575; x_wconf 74' lang='lat' dir='ltr'><strong>magnatesc</strong></span> <span class='ocrx_word' id='word_1_70' title='bbox 661 1479 835 1561; x_wconf 74' lang='lat' dir='ltr'><strong>Corradus</strong></span> <span class='ocrx_word' id='word_1_71' title='bbox 850 1480 1069 1575; x_wconf 83' lang='lat' dir='ltr'><strong>Mogontinus</strong></span> <span class='ocrx_word' id='word_1_72' title='bbox 1086 1479 1374 1575; x_wconf 76' lang='lat' dir='ltr'><strong>archiepiscopus,</strong></span> <span class='ocrx_word' id='word_1_73' title='bbox 1400 1481 1491 1553; x_wconf 86' lang='lat' dir='ltr'><strong>Her-</strong></span> 
     </span>
     <span class='ocr_line' id='line_1_11' title="bbox 320 1614 1542 1711; baseline 0.004 -24"><span class='ocrx_word' id='word_1_74' title='bbox 320 1639 462 1688; x_wconf 87' lang='lat' dir='ltr'><strong>mannus</strong></span> <span class='ocrx_word' id='word_1_75' title='bbox 488 1614 632 1688; x_wconf 83' lang='lat' dir='ltr'><strong>Saxonie</strong></span> <span class='ocrx_word' id='word_1_76' title='bbox 663 1638 773 1687; x_wconf 91' lang='lat' dir='ltr'><strong>comes</strong></span> <span class='ocrx_word' id='word_1_77' title='bbox 798 1614 965 1710; x_wconf 88' lang='lat' dir='ltr'><strong>palatinus</strong></span> <span class='ocrx_word' id='word_1_78' title='bbox 998 1622 1032 1687; x_wconf 88' lang='lat' dir='ltr'><strong>et</strong></span> <span class='ocrx_word' id='word_1_79' title='bbox 1054 1614 1239 1710; x_wconf 80' lang='lat' dir='ltr'><strong>Thuringie</strong></span> <span class='ocrx_word' id='word_1_80' title='bbox 1270 1615 1491 1711; x_wconf 78' lang='lat' dir='ltr'><strong>lantgravius,</strong></span> <span class='ocrx_word' id='word_1_81' title='bbox 1501 1638 1542 1692; x_wconf 81' lang='lat' dir='ltr'><strong>ro</strong></span> 
     </span>
     <span class='ocr_line' id='line_1_12' title="bbox 322 1742 1491 1851; baseline 0 -29"><span class='ocrx_word' id='word_1_82' title='bbox 322 1749 549 1823; x_wconf 73' lang='lat' dir='ltr'><strong>Theodericus</strong></span> <span class='ocrx_word' id='word_1_83' title='bbox 581 1754 691 1822; x_wconf 86' lang='lat' dir='ltr'><strong>comes</strong></span> <span class='ocrx_word' id='word_1_84' title='bbox 714 1742 916 1823; x_wconf 82' lang='lat' dir='ltr'><strong>dlissnensis</strong></span> <span class='ocrx_word' id='word_1_85' title='bbox 949 1750 1095 1823; x_wconf 86' lang='lat' dir='ltr'><strong>marchio</strong></span> <span class='ocrx_word' id='word_1_86' title='bbox 1122 1749 1277 1841; x_wconf 83' lang='lat' dir='ltr'><strong>futurus,</strong></span> <span class='ocrx_word' id='word_1_87' title='bbox 1301 1750 1491 1851; x_wconf 75' lang='lat' dir='ltr'><strong>‚donradus</strong></span> 
     </span>
     <span class='ocr_line' id='line_1_13' title="bbox 319 1884 1490 1980; baseline -0.001 -24"><span class='ocrx_word' id='word_1_88' title='bbox 319 1884 501 1980; x_wconf 89' lang='lat' dir='ltr'><strong>imperialis</strong></span> <span class='ocrx_word' id='word_1_89' title='bbox 519 1885 592 1957; x_wconf 88' lang='lat' dir='ltr'><strong>aule</strong></span> <span class='ocrx_word' id='word_1_90' title='bbox 610 1885 826 1959; x_wconf 90' lang='lat' dir='ltr'><strong>cancellarius</strong></span> <span class='ocrx_word' id='word_1_91' title='bbox 851 1891 950 1977; x_wconf 79' lang='lat' dir='ltr'><strong>atque</strong></span> <span class='ocrx_word' id='word_1_92' title='bbox 978 1885 1015 1957; x_wconf 88' lang='lat' dir='ltr'><strong>in</strong></span> <span class='ocrx_word' id='word_1_93' title='bbox 1034 1887 1151 1958; x_wconf 91' lang='lat' dir='ltr'><strong>eodem</strong></span> <span class='ocrx_word' id='word_1_94' title='bbox 1167 1885 1401 1980; x_wconf 83' lang='lat' dir='ltr'><strong>procinctuad</strong></span> <span class='ocrx_word' id='word_1_95' title='bbox 1420 1886 1490 1957; x_wconf 89' lang='lat' dir='ltr'><strong>ele-</strong></span> 
     </span>
     <span class='ocr_line' id='line_1_14' title="bbox 321 2016 1489 2116; baseline -0.003 -23"><span class='ocrx_word' id='word_1_96' title='bbox 321 2016 462 2093; x_wconf 87' lang='lat' dir='ltr'><strong>ctionem</strong></span> <span class='ocrx_word' id='word_1_97' title='bbox 494 2019 750 2114; x_wconf 84' lang='lat' dir='ltr'><strong>Herbipodensis</strong></span> <span class='ocrx_word' id='word_1_98' title='bbox 786 2020 995 2116; x_wconf 81' lang='lat' dir='ltr'><strong>episcopatus</strong></span> <span class='ocrx_word' id='word_1_99' title='bbox 1030 2020 1208 2116; x_wconf 77' lang='lat' dir='ltr'><strong>insigniter</strong></span> <span class='ocrx_word' id='word_1_100' title='bbox 1243 2020 1489 2108; x_wconf 64' lang='lat' dir='ltr'><strong>declaratusss),</strong></span> 
     </span>
     <span class='ocr_line' id='line_1_15' title="bbox 323 2151 1490 2230; baseline -0.002 -2"><span class='ocrx_word' id='word_1_101' title='bbox 323 2179 396 2228; x_wconf 89' lang='lat' dir='ltr'><strong>cum</strong></span> <span class='ocrx_word' id='word_1_102' title='bbox 415 2156 545 2229; x_wconf 87' lang='lat' dir='ltr'><strong>duobus</strong></span> <span class='ocrx_word' id='word_1_103' title='bbox 558 2156 701 2228; x_wconf 86' lang='lat' dir='ltr'><strong>uterinis</strong></span> <span class='ocrx_word' id='word_1_104' title='bbox 718 2154 878 2227; x_wconf 82' lang='lat' dir='ltr'><strong>fratribus</strong></span> <span class='ocrx_word' id='word_1_105' title='bbox 899 2156 971 2229; x_wconf 91' lang='lat' dir='ltr'><strong>suis</strong></span> <span class='ocrx_word' id='word_1_106' title='bbox 991 2155 1117 2228; x_wconf 90' lang='lat' dir='ltr'><strong>scilicet</strong></span> <span class='ocrx_word' id='word_1_107' title='bbox 1138 2154 1334 2230; x_wconf 77' lang='lat' dir='ltr'><strong>debehardo</strong></span> <span class='ocrx_word' id='word_1_108' title='bbox 1351 2161 1384 2226; x_wconf 84' lang='lat' dir='ltr'><strong>et</strong></span> <span class='ocrx_word' id='word_1_109' title='bbox 1402 2151 1490 2227; x_wconf 78' lang='lat' dir='ltr'><strong>Ger·-</strong></span> 
     </span>
     <span class='ocr_line' id='line_1_16' title="bbox 317 2284 1543 2383; baseline 0.001 -20"><span class='ocrx_word' id='word_1_110' title='bbox 317 2290 423 2363; x_wconf 83' lang='lat' dir='ltr'><strong>ha&#39;rdo</strong></span> <span class='ocrx_word' id='word_1_111' title='bbox 442 2291 482 2360; x_wconf 93' lang='lat' dir='ltr'><strong>de</strong></span> <span class='ocrx_word' id='word_1_112' title='bbox 501 2289 710 2381; x_wconf 73' lang='lat' dir='ltr'><strong>Quernfor&#39;de</strong></span> <span class='ocrx_word' id='word_1_113' title='bbox 722 2293 780 2382; x_wconf 80' lang='lat'><strong>4);</strong></span> <span class='ocrx_word' id='word_1_114' title='bbox 814 2290 959 2383; x_wconf 85' lang='lat' dir='ltr'><strong>itemque</strong></span> <span class='ocrx_word' id='word_1_115' title='bbox 978 2290 1152 2364; x_wconf 68' lang='lat' dir='ltr'><strong>conradum</strong></span> <span class='ocrx_word' id='word_1_116' title='bbox 1169 2289 1315 2364; x_wconf 83' lang='lat' dir='ltr'><strong>marchio</strong></span> <span class='ocrx_word' id='word_1_117' title='bbox 1336 2291 1377 2362; x_wconf 89' lang='lat' dir='ltr'><strong>de</strong></span> <span class='ocrx_word' id='word_1_118' title='bbox 1396 2289 1489 2361; x_wconf 89' lang='lat' dir='ltr'><strong>Lan-</strong></span> <span class='ocrx_word' id='word_1_119' title='bbox 1502 2284 1543 2364; x_wconf 78' lang='lat'><strong>1&#39;5</strong></span> 
     </span>
     <span class='ocr_line' id='line_1_17' title="bbox 320 2423 1491 2521; baseline 0 -26"><span class='ocrx_word' id='word_1_120' title='bbox 320 2424 455 2518; x_wconf 83' lang='lat' dir='ltr'><strong>disberg</strong></span> <span class='ocrx_word' id='word_1_121' title='bbox 466 2426 514 2515; x_wconf 84' lang='lat'><strong>⁵),</strong></span> <span class='ocrx_word' id='word_1_122' title='bbox 540 2447 650 2498; x_wconf 89' lang='lat' dir='ltr'><strong>comes</strong></span> <span class='ocrx_word' id='word_1_123' title='bbox 666 2423 861 2498; x_wconf 81' lang='lat' dir='ltr'><strong>Guntherus</strong></span> <span class='ocrx_word' id='word_1_124' title='bbox 876 2426 916 2497; x_wconf 88' lang='lat' dir='ltr'><strong>de</strong></span> <span class='ocrx_word' id='word_1_125' title='bbox 933 2424 1159 2521; x_wconf 79' lang='lat' dir='ltr'><strong>Kerernbnrg</strong></span> <span class='ocrx_word' id='word_1_126' title='bbox 1173 2449 1247 2497; x_wconf 87' lang='lat' dir='ltr'><strong>cum</strong></span> <span class='ocrx_word' id='word_1_127' title='bbox 1263 2425 1392 2497; x_wconf 87' lang='lat' dir='ltr'><strong>duobos</strong></span> <span class='ocrx_word' id='word_1_128' title='bbox 1405 2425 1491 2497; x_wconf 81' lang='lat' dir='ltr'><strong>tibe-</strong></span> 
     </span>
     <span class='ocr_line' id='line_1_18' title="bbox 318 2559 1491 2656; baseline 0 -25"><span class='ocrx_word' id='word_1_129' title='bbox 318 2559 387 2649; x_wconf 88' lang='lat' dir='ltr'><strong>ris,</strong></span> <span class='ocrx_word' id='word_1_130' title='bbox 414 2582 556 2651; x_wconf 84' lang='lat' dir='ltr'><strong>quomrm</strong></span> <span class='ocrx_word' id='word_1_131' title='bbox 578 2561 854 2656; x_wconf 81' lang='lat' dir='ltr'><strong>propagacionem</strong></span> <span class='ocrx_word' id='word_1_132' title='bbox 870 2561 1032 2643; x_wconf 85' lang='lat' dir='ltr'><strong>enarrabo</strong></span> <span class='ocrx_word' id='word_1_133' title='bbox 1045 2563 1092 2652; x_wconf 79' lang='grc'><strong>6).</strong></span> <span class='ocrx_word' id='word_1_134' title='bbox 1144 2560 1408 2633; x_wconf 88' lang='lat' dir='ltr'><strong>Primuscomes</strong></span> <span class='ocrx_word' id='word_1_135' title='bbox 1424 2581 1491 2633; x_wconf 82' lang='lat' dir='ltr'><strong>vo-</strong></span> 
     </span>
     <span class='ocr_line' id='line_1_19' title="bbox 319 2690 1490 2792; baseline 0 -26"><span class='ocrx_word' id='word_1_136' title='bbox 319 2695 453 2766; x_wconf 87' lang='lat' dir='ltr'><strong>cabatur</strong></span> <span class='ocrx_word' id='word_1_137' title='bbox 471 2691 669 2786; x_wconf 79' lang='lat' dir='ltr'><strong>Gundarus,</strong></span> <span class='ocrx_word' id='word_1_138' title='bbox 696 2696 754 2790; x_wconf 87' lang='lat' dir='ltr'><strong>qui</strong></span> <span class='ocrx_word' id='word_1_139' title='bbox 771 2695 835 2769; x_wconf 82' lang='lat' dir='ltr'><strong>fuit</strong></span> <span class='ocrx_word' id='word_1_140' title='bbox 855 2695 1009 2792; x_wconf 82' lang='lat' dir='ltr'><strong>gentilis,</strong></span> <span class='ocrx_word' id='word_1_141' title='bbox 1035 2703 1153 2791; x_wconf 90' lang='lat' dir='ltr'><strong>postea</strong></span> <span class='ocrx_word' id='word_1_142' title='bbox 1174 2697 1217 2780; x_wconf 82' lang='lat' dir='ltr'><strong>ad</strong></span> <span class='ocrx_word' id='word_1_143' title='bbox 1231 2690 1331 2768; x_wconf 87' lang='lat' dir='ltr'><strong>fidem</strong></span> <span class='ocrx_word' id='word_1_144' title='bbox 1349 2716 1490 2768; x_wconf 78' lang='lat' dir='ltr'><strong>concer-</strong></span> 
     </span>
     <span class='ocr_line' id='line_1_20' title="bbox 318 2823 1491 2927; baseline -0.002 -25"><span class='ocrx_word' id='word_1_145' title='bbox 318 2853 376 2904; x_wconf 84' lang='lat' dir='ltr'><strong>sus</strong></span> <span class='ocrx_word' id='word_1_146' title='bbox 402 2837 436 2902; x_wconf 92' lang='lat' dir='ltr'><strong>et</strong></span> <span class='ocrx_word' id='word_1_147' title='bbox 457 2823 661 2927; x_wconf 58' lang='lat' dir='ltr'><strong>baptizatum</strong></span> <span class='ocrx_word' id='word_1_148' title='bbox 696 2832 753 2924; x_wconf 83' lang='lat' dir='ltr'><strong>qui</strong></span> <span class='ocrx_word' id='word_1_149' title='bbox 781 2830 896 2926; x_wconf 80' lang='lat' dir='ltr'><strong>genuit</strong></span> <span class='ocrx_word' id='word_1_150' title='bbox 918 2831 1093 2927; x_wconf 83' lang='lat' dir='ltr'><strong>Zigerum,</strong></span> <span class='ocrx_word' id='word_1_151' title='bbox 1127 2830 1185 2923; x_wconf 86' lang='lat' dir='ltr'><strong>qui</strong></span> <span class='ocrx_word' id='word_1_152' title='bbox 1208 2830 1350 2926; x_wconf 83' lang='lat' dir='ltr'><strong>Zigerus</strong></span> <span class='ocrx_word' id='word_1_153' title='bbox 1376 2827 1491 2925; x_wconf 76' lang='lat' dir='ltr'><strong>genunt</strong></span> 
     </span>
     <span class='ocr_line' id='line_1_21' title="bbox 319 2963 1541 3061; baseline -0.007 -23"><span class='ocrx_word' id='word_1_154' title='bbox 319 2963 512 3055; x_wconf 77' lang='lat' dir='ltr'><strong>Sicuonem,</strong></span> <span class='ocrx_word' id='word_1_155' title='bbox 539 2967 596 3058; x_wconf 86' lang='lat' dir='ltr'><strong>qui</strong></span> <span class='ocrx_word' id='word_1_156' title='bbox 614 2968 651 3038; x_wconf 92' lang='lat' dir='ltr'><strong>in</strong></span> <span class='ocrx_word' id='word_1_157' title='bbox 670 2967 812 3059; x_wconf 87' lang='lat' dir='ltr'><strong>quodam</strong></span> <span class='ocrx_word' id='word_1_158' title='bbox 835 2966 922 3039; x_wconf 85' lang='lat' dir='ltr'><strong>bello</strong></span> <span class='ocrx_word' id='word_1_159' title='bbox 946 2989 1100 3061; x_wconf 81' lang='lat' dir='ltr'><strong>magnam</strong></span> <span class='ocrx_word' id='word_1_160' title='bbox 1116 2964 1363 3037; x_wconf 86' lang='lat' dir='ltr'><strong>multitudinem</strong></span> <span class='ocrx_word' id='word_1_161' title='bbox 1387 2975 1541 3059; x_wconf 73' lang='lat' dir='ltr'><strong>paga-ac</strong></span> 
     </span>
     <span class='ocr_line' id='line_1_22' title="bbox 317 3098 1491 3196; baseline 0.002 -27"><span class='ocrx_word' id='word_1_162' title='bbox 317 3118 438 3169; x_wconf 90' lang='lat' dir='ltr'><strong>norum</strong></span> <span class='ocrx_word' id='word_1_163' title='bbox 452 3099 488 3170; x_wconf 92' lang='lat' dir='ltr'><strong>in</strong></span> <span class='ocrx_word' id='word_1_164' title='bbox 506 3098 673 3193; x_wconf 80' lang='lat' dir='ltr'><strong>profundo</strong></span> <span class='ocrx_word' id='word_1_165' title='bbox 685 3102 721 3189; x_wconf 73' lang='grc'><strong>7)</strong></span> <span class='ocrx_word' id='word_1_166' title='bbox 738 3099 841 3172; x_wconf 85' lang='lat' dir='ltr'><strong>maris</strong></span> <span class='ocrx_word' id='word_1_167' title='bbox 855 3102 1088 3196; x_wconf 87' lang='lat' dir='ltr'><strong>persequendo</strong></span> <span class='ocrx_word' id='word_1_168' title='bbox 1103 3099 1248 3195; x_wconf 78' lang='lat' dir='ltr'><strong>fugavit,</strong></span> <span class='ocrx_word' id='word_1_169' title='bbox 1267 3101 1357 3194; x_wconf 87' lang='lat' dir='ltr'><strong>quod</strong></span> <span class='ocrx_word' id='word_1_170' title='bbox 1371 3099 1491 3173; x_wconf 85' lang='lat' dir='ltr'><strong>ridens</strong></span> 
     </span>
     <span class='ocr_line' id='line_1_23' title="bbox 316 3226 1489 3335; baseline 0.001 -30"><span class='ocrx_word' id='word_1_171' title='bbox 316 3226 499 3327; x_wconf 71' lang='lat' dir='ltr'><strong>impensior</strong></span> <span class='ocrx_word' id='word_1_172' title='bbox 516 3233 584 3307; x_wconf 88' lang='lat' dir='ltr'><strong>illis</strong></span> <span class='ocrx_word' id='word_1_173' title='bbox 610 3233 817 3335; x_wconf 85' lang='lat' dir='ltr'><strong>temporibus</strong></span> <span class='ocrx_word' id='word_1_174' title='bbox 838 3233 939 3309; x_wconf 83' lang='lat' dir='ltr'><strong>dixit:</strong></span> <span class='ocrx_word' id='word_1_175' title='bbox 975 3259 1185 3330; x_wconf 86' lang='lat' dir='ltr'><strong>nequaquam</strong></span> <span class='ocrx_word' id='word_1_176' title='bbox 1204 3235 1294 3308; x_wconf 85' lang='lat' dir='ltr'><strong>rdtra</strong></span> <span class='ocrx_word' id='word_1_177' title='bbox 1318 3232 1489 3308; x_wconf 75' lang='lat' dir='ltr'><strong>vocaberis</strong></span> 
     </span>
     <span class='ocr_line' id='line_1_24' title="bbox 313 3358 1488 3466; baseline 0 -28"><span class='ocrx_word' id='word_1_178' title='bbox 313 3365 446 3458; x_wconf 80' lang='lat' dir='ltr'><strong>Syczo,</strong></span> <span class='ocrx_word' id='word_1_179' title='bbox 473 3368 534 3439; x_wconf 92' lang='lat' dir='ltr'><strong>sed</strong></span> <span class='ocrx_word' id='word_1_180' title='bbox 550 3367 718 3463; x_wconf 79' lang='lat' dir='ltr'><strong>Sygahart</strong></span> <span class='ocrx_word' id='word_1_181' title='bbox 736 3368 801 3441; x_wconf 92' lang='lat' dir='ltr'><strong>erit</strong></span> <span class='ocrx_word' id='word_1_182' title='bbox 819 3358 941 3443; x_wconf 84' lang='lat' dir='ltr'><strong>nomen</strong></span> <span class='ocrx_word' id='word_1_183' title='bbox 960 3377 1065 3443; x_wconf 79' lang='lat' dir='ltr'><strong>tuum.</strong></span> <span class='ocrx_word' id='word_1_184' title='bbox 1116 3371 1187 3443; x_wconf 91' lang='lat' dir='ltr'><strong>Iste</strong></span> <span class='ocrx_word' id='word_1_185' title='bbox 1206 3369 1488 3466; x_wconf 82' lang='lat' dir='ltr'><strong>Sygahartusse-</strong></span> 
     </span>
    </p>
   </div>
   <div class='ocr_carea' id='block_1_3' title="bbox 312 3485 1489 3601">
    <p class='ocr_par' dir='ltr' id='par_1_4' title="bbox 312 3485 1489 3601">
     <span class='ocr_line' id='line_1_25' title="bbox 312 3485 1489 3601; baseline -0.002 -26"><span class='ocrx_word' id='word_1_186' title='bbox 312 3485 429 3598; x_wconf 37' lang='lat' dir='ltr'><strong>&#39;pcdtus</strong></span> <span class='ocrx_word' id='word_1_187' title='bbox 456 3510 509 3576; x_wconf 89' lang='lat' dir='ltr'><strong>est</strong></span> <span class='ocrx_word' id='word_1_188' title='bbox 533 3503 570 3575; x_wconf 89' lang='lat' dir='ltr'><strong>in</strong></span> <span class='ocrx_word' id='word_1_189' title='bbox 593 3503 847 3601; x_wconf 85' lang='lat' dir='ltr'><strong>Nuenborgen&#39;si</strong></span> <span class='ocrx_word' id='word_1_190' title='bbox 871 3505 1025 3596; x_wconf 88' lang='lat' dir='ltr'><strong>ecclesia,</strong></span> <span class='ocrx_word' id='word_1_191' title='bbox 1062 3529 1164 3601; x_wconf 18' lang='lat' dir='ltr'><strong>quam*</strong></span> <span class='ocrx_word' id='word_1_192' title='bbox 1182 3505 1334 3601; x_wconf 82' lang='lat' dir='ltr'><strong>pleribus</strong></span> <span class='ocrx_word' id='word_1_193' title='bbox 1351 3524 1489 3598; x_wconf 89' lang='lat' dir='ltr'><strong>posses-</strong></span> 
     </span>
    </p>
   </div>
   <div class='ocr_carea' id='block_1_4' title="bbox 315 3650 1491 4556">
    <p class='ocr_par' dir='ltr' id='par_1_5' title="bbox 316 3650 1491 4055">
     <span class='ocr_line' id='line_1_26' title="bbox 318 3650 1490 3721; baseline -0.001 -19"><span class='ocrx_word' id='word_1_194' title='bbox 318 3651 343 3719; x_wconf 85' lang='grc'><strong>1)</strong></span> <span class='ocrx_word' id='word_1_195' title='bbox 360 3655 393 3702; x_wconf 79' lang='lat' dir='ltr'><strong>dat</strong></span> <span class='ocrx_word' id='word_1_196' title='bbox 408 3653 503 3714; x_wconf 83' lang='lat' dir='ltr'><strong>fadsoh;</strong></span> <span class='ocrx_word' id='word_1_197' title='bbox 521 3653 613 3704; x_wconf 85' lang='lat' dir='ltr'><strong>Kaiser</strong></span> <span class='ocrx_word' id='word_1_198' title='bbox 627 3652 747 3704; x_wconf 87' lang='lat' dir='ltr'><strong>Heinrich</strong></span> <span class='ocrx_word' id='word_1_199' title='bbox 755 3655 791 3705; x_wconf 83' lang='lat' dir='ltr'><strong>VI</strong></span> <span class='ocrx_word' id='word_1_200' title='bbox 806 3654 891 3705; x_wconf 83' lang='lat' dir='ltr'><strong>wurdo</strong></span> <span class='ocrx_word' id='word_1_201' title='bbox 917 3650 993 3721; x_wconf 80' lang='lat'>1190)</span> <span class='ocrx_word' id='word_1_202' title='bbox 1011 3653 1144 3719; x_wconf 73' lang='lat' dir='ltr'><strong>Markgrat‘</strong></span> <span class='ocrx_word' id='word_1_203' title='bbox 1157 3668 1205 3702; x_wconf 90' lang='lat' dir='ltr'><strong>von</strong></span> <span class='ocrx_word' id='word_1_204' title='bbox 1229 3652 1277 3703; x_wconf 86' lang='lat' dir='ltr'><strong>der</strong></span> <span class='ocrx_word' id='word_1_205' title='bbox 1291 3650 1490 3717; x_wconf 65' lang='lat' dir='ltr'><strong>Niederlausitza</strong></span> 
     </span>
     <span class='ocr_line' id='line_1_27' title="bbox 316 3735 1490 3805; baseline -0.003 -19"><span class='ocrx_word' id='word_1_206' title='bbox 316 3736 342 3786; x_wconf 90' lang='lat' dir='ltr'><strong>in</strong></span> <span class='ocrx_word' id='word_1_207' title='bbox 365 3739 479 3790; x_wconf 86' lang='lat' dir='ltr'><strong>Palermo</strong></span> <span class='ocrx_word' id='word_1_208' title='bbox 501 3738 635 3805; x_wconf 84' lang='lat' dir='ltr'><strong>begraben.</strong></span> <span class='ocrx_word' id='word_1_209' title='bbox 681 3740 707 3789; x_wconf 87' lang='lat' dir='ltr'><strong>S.</strong></span> <span class='ocrx_word' id='word_1_210' title='bbox 733 3739 839 3791; x_wconf 86' lang='lat' dir='ltr'><strong>Raumer</strong></span> <span class='ocrx_word' id='word_1_211' title='bbox 855 3741 889 3800; x_wconf 84' lang='grc' dir='ltr'><strong>ΙΙ,</strong></span> <span class='ocrx_word' id='word_1_212' title='bbox 915 3737 976 3788; x_wconf 85' lang='lat' dir='ltr'><strong>aber</strong></span> <span class='ocrx_word' id='word_1_213' title='bbox 991 3754 1041 3788; x_wconf 88' lang='lat' dir='ltr'><strong>ron</strong></span> <span class='ocrx_word' id='word_1_214' title='bbox 1059 3737 1105 3786; x_wconf 92' lang='lat' dir='ltr'><strong>der</strong></span> <span class='ocrx_word' id='word_1_215' title='bbox 1119 3735 1303 3799; x_wconf 79' lang='lat' dir='ltr'><strong>ihmebenfalls</strong></span> <span class='ocrx_word' id='word_1_216' title='bbox 1319 3735 1490 3786; x_wconf 83' lang='lat' dir='ltr'><strong>zustehenden</strong></span> 
     </span>
     <span class='ocr_line' id='line_1_28' title="bbox 316 3820 1491 3887; baseline -0.001 -18"><span class='ocrx_word' id='word_1_217' title='bbox 316 3823 342 3871; x_wconf 84' lang='lat' dir='ltr'><strong>S.</strong></span> <span class='ocrx_word' id='word_1_218' title='bbox 360 3820 419 3875; x_wconf 82' lang='lat'><strong>593.</strong></span> <span class='ocrx_word' id='word_1_219' title='bbox 915 3823 981 3887; x_wconf 86' lang='lat' dir='ltr'><strong>Burg</strong></span> <span class='ocrx_word' id='word_1_220' title='bbox 998 3821 1145 3887; x_wconf 78' lang='lat' dir='ltr'><strong>Landsber&#39;g</strong></span> <span class='ocrx_word' id='word_1_221' title='bbox 1159 3821 1230 3873; x_wconf 87' lang='lat' dir='ltr'><strong>hatte</strong></span> <span class='ocrx_word' id='word_1_222' title='bbox 1248 3821 1327 3871; x_wconf 82' lang='lat' dir='ltr'><strong>achon</strong></span> <span class='ocrx_word' id='word_1_223' title='bbox 1343 3820 1396 3870; x_wconf 86' lang='lat' dir='ltr'><strong>sein</strong></span> <span class='ocrx_word' id='word_1_224' title='bbox 1411 3821 1491 3871; x_wconf 84' lang='lat' dir='ltr'><strong>Vater</strong></span> 
     </span>
     <span class='ocr_line' id='line_1_29' title="bbox 317 3900 1489 3970; baseline -0.002 -18"><span class='ocrx_word' id='word_1_225' title='bbox 317 3900 343 3967; x_wconf 77' lang='lat'><strong>2)</strong></span> <span class='ocrx_word' id='word_1_226' title='bbox 358 3904 522 3958; x_wconf 88' lang='lat' dir='ltr'><strong>Theutonice.</strong></span> <span class='ocrx_word' id='word_1_227' title='bbox 915 3906 1028 3957; x_wconf 87' lang='lat' dir='ltr'><strong>Dietrich</strong></span> <span class='ocrx_word' id='word_1_228' title='bbox 1040 3905 1089 3955; x_wconf 82' lang='lat' dir='ltr'><strong>den</strong></span> <span class='ocrx_word' id='word_1_229' title='bbox 1101 3907 1198 3957; x_wconf 83' lang='lat' dir='ltr'><strong>Numen</strong></span> <span class='ocrx_word' id='word_1_230' title='bbox 1208 3904 1340 3970; x_wconf 79' lang='lat' dir='ltr'><strong>Murkgrat&#39;</strong></span> <span class='ocrx_word' id='word_1_231' title='bbox 1353 3921 1378 3952; x_wconf 83' lang='lat' dir='ltr'><strong>r.</strong></span> <span class='ocrx_word' id='word_1_232' title='bbox 1388 3900 1489 3952; x_wconf 82' lang='lat' dir='ltr'><strong>Lunds-</strong></span> 
     </span>
     <span class='ocr_line' id='line_1_30' title="bbox 316 3982 1114 4055; baseline 0.005 -21"><span class='ocrx_word' id='word_1_233' title='bbox 316 3982 343 4050; x_wconf 83' lang='lat'><strong>3)</strong></span> <span class='ocrx_word' id='word_1_234' title='bbox 361 3990 412 4036; x_wconf 84' lang='lat' dir='ltr'><strong>Ans</strong></span> <span class='ocrx_word' id='word_1_235' title='bbox 428 3989 577 4039; x_wconf 72' lang='lat' dir='ltr'><strong>dentHause</strong></span> <span class='ocrx_word' id='word_1_236' title='bbox 592 3991 638 4041; x_wconf 88' lang='lat' dir='ltr'><strong>der</strong></span> <span class='ocrx_word' id='word_1_237' title='bbox 647 3990 729 4040; x_wconf 88' lang='lat' dir='ltr'><strong>Herm</strong></span> <span class='ocrx_word' id='word_1_238' title='bbox 744 3991 889 4052; x_wconf 84' lang='lat' dir='ltr'><strong>vonQuer-</strong></span> <span class='ocrx_word' id='word_1_239' title='bbox 914 3991 976 4055; x_wconf 85' lang='lat' dir='ltr'><strong>berg</strong></span> <span class='ocrx_word' id='word_1_240' title='bbox 993 3990 1114 4039; x_wconf 88' lang='lat' dir='ltr'><strong>erhalten.</strong></span> 
     </span>
    </p>

    <p class='ocr_par' dir='ltr' id='par_1_6' title="bbox 315 4068 1490 4556">
     <span class='ocr_line' id='line_1_31' title="bbox 316 4068 1489 4139; baseline -0.005 -15"><span class='ocrx_word' id='word_1_241' title='bbox 316 4069 378 4117; x_wconf 77' lang='lat' dir='ltr'><strong>furt·</strong></span> <span class='ocrx_word' id='word_1_242' title='bbox 720 4116 723 4123; x_wconf 95' lang='grc'><em>,</em></span> <span class='ocrx_word' id='word_1_243' title='bbox 913 4069 940 4138; x_wconf 85' lang='grc'><strong>6)</strong></span> <span class='ocrx_word' id='word_1_244' title='bbox 959 4073 1014 4139; x_wconf 77' lang='lat' dir='ltr'><strong>vgl.</strong></span> <span class='ocrx_word' id='word_1_245' title='bbox 1040 4074 1143 4124; x_wconf 79' lang='lat' dir='ltr'><strong>Hesse&#39;s</strong></span> <span class='ocrx_word' id='word_1_246' title='bbox 1165 4072 1335 4138; x_wconf 76' lang='lat' dir='ltr'><strong>Abhandlung</strong></span> <span class='ocrx_word' id='word_1_247' title='bbox 1358 4070 1420 4131; x_wconf 80' lang='lat' dir='ltr'><strong>iiber</strong></span> <span class='ocrx_word' id='word_1_248' title='bbox 1443 4068 1489 4118; x_wconf 84' lang='lat' dir='ltr'><strong>das</strong></span> 
     </span>
     <span class='ocr_line' id='line_1_32' title="bbox 316 4148 1490 4229; baseline 0.001 -28"><span class='ocrx_word' id='word_1_249' title='bbox 316 4148 343 4217; x_wconf 84' lang='grc'><strong>4)</strong></span> <span class='ocrx_word' id='word_1_250' title='bbox 357 4151 399 4202; x_wconf 86' lang='lat' dir='ltr'><strong>die</strong></span> <span class='ocrx_word' id='word_1_251' title='bbox 423 4152 468 4202; x_wconf 87' lang='lat' dir='ltr'><strong>das</strong></span> <span class='ocrx_word' id='word_1_252' title='bbox 486 4154 712 4220; x_wconf 79' lang='lat' dir='ltr'><strong>Burggrafenthnm</strong></span> <span class='ocrx_word' id='word_1_253' title='bbox 736 4155 762 4205; x_wconf 88' lang='lat' dir='ltr'><strong>in</strong></span> <span class='ocrx_word' id='word_1_254' title='bbox 779 4157 888 4223; x_wconf 85' lang='lat' dir='ltr'><strong>Magde-</strong></span> <span class='ocrx_word' id='word_1_255' title='bbox 914 4157 1145 4224; x_wconf 83' lang='lat' dir='ltr'><strong>Kefernburgische</strong></span> <span class='ocrx_word' id='word_1_256' title='bbox 1162 4155 1283 4206; x_wconf 75' lang='lat' dir='ltr'><strong>Gemdlde</strong></span> <span class='ocrx_word' id='word_1_257' title='bbox 1304 4156 1330 4205; x_wconf 91' lang='lat' dir='ltr'><strong>in</strong></span> <span class='ocrx_word' id='word_1_258' title='bbox 1346 4154 1392 4204; x_wconf 88' lang='lat' dir='ltr'><strong>der</strong></span> <span class='ocrx_word' id='word_1_259' title='bbox 1406 4169 1490 4229; x_wconf 78' lang='lat' dir='ltr'><strong>neuen</strong></span> 
     </span>
     <span class='ocr_line' id='line_1_33' title="bbox 315 4235 1490 4304; baseline -0.001 -18"><span class='ocrx_word' id='word_1_260' title='bbox 315 4236 379 4301; x_wconf 83' lang='lat' dir='ltr'><strong>burg</strong></span> <span class='ocrx_word' id='word_1_261' title='bbox 396 4236 519 4286; x_wconf 80' lang='lat' dir='ltr'><strong>besadsen.</strong></span> <span class='ocrx_word' id='word_1_262' title='bbox 914 4240 1060 4290; x_wconf 84' lang='lat' dir='ltr'><strong>Zeitschrift</strong></span> <span class='ocrx_word' id='word_1_263' title='bbox 1077 4242 1118 4291; x_wconf 80' lang='lat' dir='ltr'><strong>fur</strong></span> <span class='ocrx_word' id='word_1_264' title='bbox 1135 4241 1177 4290; x_wconf 87' lang='lat' dir='ltr'><strong>dio</strong></span> <span class='ocrx_word' id='word_1_265' title='bbox 1194 4239 1347 4292; x_wconf 86' lang='lat' dir='ltr'><strong>Geschichte</strong></span> <span class='ocrx_word' id='word_1_266' title='bbox 1362 4235 1490 4304; x_wconf 80' lang='lat' dir='ltr'><strong>germani-</strong></span> 
     </span>
     <span class='ocr_line' id='line_1_34' title="bbox 315 4319 1490 4391; baseline 0.003 -21"><span class='ocrx_word' id='word_1_267' title='bbox 315 4319 341 4387; x_wconf 84' lang='lat'><strong>5)</strong></span> <span class='ocrx_word' id='word_1_268' title='bbox 354 4335 403 4371; x_wconf 86' lang='lat' dir='ltr'><strong>von</strong></span> <span class='ocrx_word' id='word_1_269' title='bbox 419 4320 464 4370; x_wconf 91' lang='lat' dir='ltr'><strong>der</strong></span> <span class='ocrx_word' id='word_1_270' title='bbox 479 4320 601 4387; x_wconf 77' lang='lat' dir='ltr'><strong>jiingeren</strong></span> <span class='ocrx_word' id='word_1_271' title='bbox 617 4320 691 4370; x_wconf 88' lang='lat' dir='ltr'><strong>Linie</strong></span> <span class='ocrx_word' id='word_1_272' title='bbox 707 4320 753 4370; x_wconf 90' lang='lat' dir='ltr'><strong>der</strong></span> <span class='ocrx_word' id='word_1_273' title='bbox 768 4321 830 4371; x_wconf 85' lang='lat' dir='ltr'><strong>iiber</strong></span> <span class='ocrx_word' id='word_1_274' title='bbox 847 4322 888 4373; x_wconf 87' lang='lat' dir='ltr'><strong>die</strong></span> <span class='ocrx_word' id='word_1_275' title='bbox 913 4323 986 4373; x_wconf 84' lang='lat' dir='ltr'><strong>acher</strong></span> <span class='ocrx_word' id='word_1_276' title='bbox 1000 4325 1109 4388; x_wconf 71' lang='lat' dir='ltr'><strong>voluer,</strong></span> <span class='ocrx_word' id='word_1_277' title='bbox 1127 4326 1242 4391; x_wconf 80' lang='lat' dir='ltr'><strong>heransg.</strong></span> <span class='ocrx_word' id='word_1_278' title='bbox 1259 4340 1310 4373; x_wconf 83' lang='lat' dir='ltr'><strong>von</strong></span> <span class='ocrx_word' id='word_1_279' title='bbox 1328 4321 1490 4373; x_wconf 77' lang='lat' dir='ltr'><strong>Rosenkrant</strong></span> 
     </span>
     <span class='ocr_line' id='line_1_35' title="bbox 315 4403 1444 4474; baseline 0 -20"><span class='ocrx_word' id='word_1_280' title='bbox 315 4403 529 4470; x_wconf 76' lang='lat' dir='ltr'><strong>Markgrafschaib</strong></span> <span class='ocrx_word' id='word_1_281' title='bbox 560 4404 670 4454; x_wconf 82' lang='lat' dir='ltr'><strong>Meissen</strong></span> <span class='ocrx_word' id='word_1_282' title='bbox 702 4403 887 4456; x_wconf 88' lang='lat' dir='ltr'><strong>herrschenden</strong></span> <span class='ocrx_word' id='word_1_283' title='bbox 915 4407 971 4474; x_wconf 84' lang='lat' dir='ltr'><strong>(Bd.</strong></span> <span class='ocrx_word' id='word_1_284' title='bbox 987 4409 1006 4457; x_wconf 89' lang='lat'><strong>1.</strong></span> <span class='ocrx_word' id='word_1_285' title='bbox 1025 4408 1089 4457; x_wconf 83' lang='lat' dir='ltr'><strong>Heft</strong></span> <span class='ocrx_word' id='word_1_286' title='bbox 1102 4407 1125 4459; x_wconf 89' lang='lat'><strong>1.</strong></span> <span class='ocrx_word' id='word_1_287' title='bbox 1143 4407 1221 4463; x_wconf 71' lang='lat'><strong>8-24.</strong></span> <span class='ocrx_word' id='word_1_288' title='bbox 1257 4406 1341 4468; x_wconf 85' lang='lat' dir='ltr'><strong>Halde,</strong></span> <span class='ocrx_word' id='word_1_289' title='bbox 1352 4403 1444 4473; x_wconf 70' lang='lat'>1832).</span> 
     </span>
     <span class='ocr_line' id='line_1_36' title="bbox 315 4485 1101 4556; baseline -0.005 -14"><span class='ocrx_word' id='word_1_290' title='bbox 315 4489 452 4542; x_wconf 84' lang='lat' dir='ltr'><strong>Wettiner.</strong></span> <span class='ocrx_word' id='word_1_291' title='bbox 489 4487 590 4540; x_wconf 86' lang='lat' dir='ltr'><strong>Conrad</strong></span> <span class='ocrx_word' id='word_1_292' title='bbox 606 4505 655 4539; x_wconf 86' lang='lat' dir='ltr'><strong>war</strong></span> <span class='ocrx_word' id='word_1_293' title='bbox 671 4485 804 4553; x_wconf 83' lang='lat' dir='ltr'><strong>cigentlich</strong></span> <span class='ocrx_word' id='word_1_294' title='bbox 830 4489 888 4556; x_wconf 81' lang='lat' dir='ltr'><strong>(seit</strong></span> <span class='ocrx_word' id='word_1_295' title='bbox 912 4486 1101 4555; x_wconf 52' lang='lat' dir='ltr'><strong>Uprodnnda?</strong></span> 
     </span>
    </p>
   </div>
   <div class='ocr_carea' id='block_1_5' title="bbox 0 0 1718 5096">
    <p class='ocr_par' dir='ltr' id='par_1_7' title="bbox 0 0 1718 5096">
     <span class='ocr_line' id='line_1_37' title="bbox 0 0 1718 5096; baseline 0 3"><span class='ocrx_word' id='word_1_296' title='bbox 0 0 1718 5096; x_wconf 95' lang='lat' dir='ltr'><strong> </strong></span> 
     </span>
    </p>
   </div>
  </div>
 </body>
</html>
