3422 5094
810 198 1012 298 L

320 373 434 469 agnito
451 372 567 446 aur-ico
585 368 732 466 candel)
753 373 827 469 ejus
843 377 973 444 secrete
993 394 1112 445 sanum
1127 378 1166 444 ut
1177 378 1257 468 pest
1270 373 1426 467 apperuit
1440 397 1499 447 ee-

321 506 394 581 miti
410 508 531 580 dedere
550 507 743 600 eonsilium,
769 506 896 581 scilieet
908 512 948 580 ut
962 505 999 579 in
1012 507 1125 600 alique
1139 506 1213 579 loeo
1231 506 1426 581 memoriam
1444 509 1498 583 dei

322 642 493 739 genitricis
520 649 554 716 et
575 642 717 738 virginis
740 641 866 717 blmiae
894 640 1065 734 sanctique
1088 640 1256 716 Jebannis
1278 639 1497 740 Evangeliste

320 776 441 851 festine
467 782 630 851 statueret
652 784 750 871 atque
775 777 858 850 inibi
883 777 1037 873 regulere
1063 777 1302 851 monasterium
1325 779 1367 850 ad
1386 780 1512 880 uereti-¹

318 914 455 986 landum
471 913 599 1010 jugiter
618 912 801 1008 solempnia
812 914 848 1003 2)
874 919 1033 986 votorum
1050 911 1243 1007 uipueia³)
1270 912 1415 1008 erigeret
1439 921 1536 987 se-⁵

321 1072 384 1143 que
403 1048 601 1121 renuntians
623 1047 775 1120 omnibus
797 1047 1001 1120 secularibus
1022 1047 1219 1120 monachum
1241 1046 1391 1121 launum
1414 1073 1498 1144 pre-

320 1184 478 1258 mitteret.
532 1182 598 1275 Qui
621 1182 808 1257 sanissimis
831 1183 1044 1276 acquiescens
1066 1182 1214 1255 consiliis
1241 1183 1328 1277 cepit
1353 1183 1497 1280 diligen-

319 1320 388 1394 tius
407 1318 612 1415 perquirere,
638 1304 701 1392 ubi
711 1317 923 1414 potissimum
938 1324 1055 1413 posset
1071 1318 1180 1391 locum
1197 1317 1367 1391 monacbis
1382 1324 1496 1414 aptum

320 1462 356 1528 et
367 1454 570 1528 monasterio
587 1477 770 1550 congruum
787 1451 952 1527 iuvenire.
1005 1451 1103 1525 Unde
1119 1476 1139 1524 a
1155 1454 1299 1545 quedam
1316 1453 1495 1549 lutidgule,

314 1590 505 1681 Reynbere
524 1589 679 1680 nemine,
711 1612 814 1685 prope
835 1587 962 1661 lenum
981 1587 1213 1661 domunculam
1222 1590 1261 1680 4)
1285 1587 1447 1680 habente,
1473 1598 1543 1663 alo

269 1806 277 1813 ,
317 1749 387 1819 que
409 1730 536 1820 etpost
558 1724 615 1796 ille
631 1725 725 1797 locus
747 1747 808 1820 per
821 1723 1046 1819 ,compositum
1065 1724 1206 1796 sortitus
1220 1727 1259 1816 ⁵)
1283 1731 1336 1803 est
1351 1726 1496 1799 voeabu-

318 1861 407 1951 lum,
436 1859 570 1955 ,seilicet
600 1860 826 1951 aReyrrbero
861 1865 894 1930 et
926 1858 1037 1950 lente,
1071 1859 1108 1939 id
1132 1866 1199 1933 est·
1214 1859 1494 1951 Reynbersborn,

320 1996 540 2090 avillicisque
557 1996 672 2071 villule
690 1995 814 2091 ibidem
823 2002 902 2067 tune
917 1994 1037 2068 situate
1056 1994 1181 2086 didicit,
1208 1995 1300 2068 omni
1313 2001 1410 2069 necte
1428 1994 1494 2067 due

301 2120 445 2206 ‘lumina
464 2131 668 2222 clarissima,
693 2154 796 2205 unum
811 2130 869 2201 ubi
883 2130 1123 2203 monasterium
1139 2120 1175 2231 et
1190 2131 1281 2203 ebed
1296 2129 1353 2205 ubi
1369 2130 1494 2226 capella

318 2270 414 2340 beate
431 2268 580 2362 virginis
591 2271 670 2362 pest
686 2271 811 2339 structe
831 2269 928 2354 sunt,
954 2264 1076 2345 clarius
1094 2267 1243 2339 ardendo
1261 2289 1432 2362 apparere.
1504 2277 1544 2334 1⁵

155 2385 237 2460 'nen
251 2413 305 2457 chr.
395 2400 486 2483 ‚Anao
511 2400 621 2459 Domini
642 2399 849 2460 M.L.XXX.V.
881 2399 993 2458 Hierico
1009 2400 1063 2459 llll
1088 2421 1105 2459 a
1127 2400 1216 2460 Roma
1238 2402 1359 2460 venienti
1378 2401 1495 2480 Mogon-

175 2483 242 2527 univ.
254 2483 411 2582 1⁸⁰⁵·tieque
427 2501 562 2582 synodum
581 2522 642 2560 cum
662 2502 799 2580 episcopis
816 2500 949 2571 habente,
973 2521 1068 2560 omnes
1084 2503 1136 2561 sibi
1151 2502 1269 2561 rebelles
1288 2504 1413 2583 episcopi
1431 2513 1495 2561 sent
1622 2548 1625 2565 ι

148 2623 150 2630 ·
176 2602 232 2646 ⁰¹¹¹·
245 2602 311 2644 ⁸⁸⁰¹·
324 2604 457 2683 depositi,
474 2603 525 2691 'ubi
541 2602 728 2683 Meyebardes
747 2600 868 2681 quidam,
892 2601 1066 2671 doctissimus
1091 2602 1142 2660 sed
1163 2624 1217 2661 nen
1240 2604 1387 2664 seeundum
1405 2605 1494 2662 seien-

173 2670 238 2715 Pete·
250 2671 309 2713 m
321 2708 388 2777 ciam
405 2707 432 2764 in
449 2706 621 2784 Wirzeburg
637 2706 745 2764 vivente
762 2702 938 2784 Adelberone
955 2702 1044 2762 adbuc
1060 2705 1200 2784 episcopo,
1222 2706 1403 2766 substituitur.
1434 2704 1495 2764 Ma·-

66 2856 73 2865 .
180 2805 402 2919 difficilimum
424 2808 587 2888 colloquium
607 2809 635 2867 ie
658 2807 751 2867 Barba
773 2806 832 2865 luit.
881 2864 885 2873 ,
1111 2846 1119 2855 „
1502 2819 1544 2874 20

384 2992 388 3000 .
420 2927 495 3005 Hoc
510 2927 614 3022 igitur
635 2950 722 2999 anno
734 2926 770 3021 6)
792 2947 901 2997 cemes
914 2923 1135 3016 Ludewieos,
1160 2933 1229 2998 tam
1245 2926 1352 3000 felicis
1367 2924 1494 3020 negotii

320 3062 458 3141 exordiav
472 3060 597 3132 latiens
613 3067 646 3145 et
662 3083 718 3132 res
728 3059 819 3157 juris
833 3060 888 3132 sui
900 3060 1107 3135 sanctissime
1121 3060 1187 3140 Dei
1202 3061 1373 3157 genitricis
1388 3059 1493 3135 lllarie

319 3202 500 3290 senemque
518 3192 667 3269 Jebanni
681 3195 833 3290 apostole
845 3197 881 3286 7)
898 3201 932 3266 et
945 3193 1162 3292 Evangeliste
1183 3196 1223 3268 de
1240 3196 1377 3293 propria
1391 3195 1495 3267 bere-

320 3331 421 3423 ditate
450 3354 511 3404 sua
536 3329 717 3427 offerens„
730 3330 1133 3426 locum-prenominatum
1162 3330 1287 3404 scilicet
1317 3329 1374 3424 qui
1394 3329 1493 3420 Roy-

317 3469 485 3543 nersborn
503 3466 643 3558 dieitur,
669 3468 828 3562 sytumfll
852 3464 941 3539 infra
958 3465 1092 3556 sylvam
1106 3465 1277 3558 Loybam,
1301 3464 1441 3538 tradidit
1455 3463 1544 3541 inas

317 3611 518 3703 potestatem
539 3610 573 3676 et
594 3602 847 3699 dispositionem
863 3602 1002 3674 liberam
1023 3602 1149 3675 demini
1169 3602 1295 3677 abbatis
1314 3599 1495 3675 Giselberti

317 3742 385 3817 viri
400 3741 569 3839 religiosi,
596 3739 688 3813 omni
703 3738 849 3812 bonitate
867 3737 1053 3833 conspicui,
1079 3744 1119 3811 ut
1135 3737 1295 3834 predictis
1309 3735 1492 3831 magnificis

317 3878 469 3971 patronis
485 3877 632 3975 regalem
647 3876 757 3949 aulam
774 3875 930 3970 erigeret,
949 3895 988 3945 ee
1003 3872 1168 3966 siquidem
1182 3879 1311 3961 tenore,
1329 3876 1492 3962 quatenus
1594 3923 1596 3925 -
1693 3878 1694 3881 ’

190 4061 191 4065 ’
321 4056 345 4121 1)
363 4056 442 4122 agniti
458 4056 539 4106 attriti
557 4056 647 4107 eosdm.
920 4059 945 4107 8.
955 4054 994 4106 12.
1005 4054 1046 4120 l3.
1062 4066 1126 4106 setzt
1135 4073 1178 4107 aus
1187 4051 1395 4105 eiuleuchtenden
1405 4051 1492 4107 Griin-

319 4137 346 4206 2)
365 4139 538 4206 solempnium.
918 4139 968 4190 deu
988 4139 1034 4190 die
1047 4140 1161 4207 Stiftung
1176 4139 1221 4190 des
1236 4137 1353 4187 Kloeters
1369 4134 1396 4186 in
1410 4134 1455 4186 das
1470 4135 1494 4186 J.

318 4221 346 4288 3)
365 4222 508 4291 crepundia.
920 4219 994 4274 1089.

318 4304 346 4373 4)
365 4305 550 4358 domunculum.
1065 4308 1072 4320 ⁰

318 4391 346 4456 5)
371 4393 419 4441 Dae
437 4393 479 4442 Or.
497 4389 622 4442 sortitum,

318 4470 346 4546 6)
365 4474 472 4539 Mdller,
499 4474 589 4526 Gesch.
607 4492 659 4526 eon
673 4473 893 4526 Reinhardsbrunn
