3426 5096
888 246 928 311 76

421 421 549 515 Verum
568 421 608 492 de
636 417 852 491 hereditando
870 418 1016 513 posteris
1044 419 1115 490 suis
1140 440 1245 513 regno
1271 438 1382 492 coram
1397 422 1493 515 prin„

319 557 445 657 cipibus
464 548 634 629 uniuersis
654 555 793 628 uerbum
819 548 1000 647 imperator
1027 553 1233 648 insumptum
1255 550 1330 625 e'um
1356 572 1492 627 suarum

319 692 509 763 ostensione
523 691 697 763 literarum
712 688 975 762 irrevocabiliter
995 687 1032 759 in
1055 688 1170 759 eodem
1189 686 1328 761 coneilio
1351 690 1490 764 refrica-

317 826 376 900 vit.
421 826 454 898 A
476 851 540 919 quo
557 816 604 899 ita
623 825 669 898 ibi
687 822 790 897 nichil
807 822 898 895 aliud
917 821 1094 895 diffinitum
1108 839 1183 895 esse
1203 818 1398 917 dinoscitur,
1424 828 1490 900 nisi

286 1064 289 1069 4
317 948 406 1053 quod
426 950 600 1057 principes
617 960 789 1056 defatigati
803 962 836 1050 1)
863 956 1030 1054 expensis.
1043 950 1154 1030 minus
1179 960 1379 1035 benevolum
1393 962 1489 1034 'eirea
1522 991 1540 1042 5

315 1097 550 1190 imperatorem
576 1088 722 1170 animum
746 1096 943 1167 habuerunt.

417 1231 517 1304 Anno
537 1231 675 1304 Domini
700 1220 890 1303 mcnvss.
918 1231 981 1301 due
1006 1229 1158 1302 ciuitates
1185 1228 1221 1302 in
1245 1232 1399 1337 terminis
1414 1231 1488 1306 Da-

316 1391 546 1441 mascenorum
562 1366 670 1461 posite
693 1344 898 1438 tutissimum
915 1365 1101 1460 peregrinis
1120 1364 1487 1462 Christianis'prebue-

315 1490 395 1576 runt
417 1504 567 1595 asylum,
593 1502 766 1595 inquibus
785 1524 804 1572 a
823 1496 951 1581 'furcis
964 1500 1157 1595 longiturna
1182 1494 1355 1587 obsidione
1372 1501 1488 1575 vallati

314 1636 563 1710 rei'familiaris
584 1630 696 1732 inopia
718 1637 821 1709 coacti
844 1643 941 1726 sunt,
973 1630 1113 1707 tandem
1125 1635 1339 1713 munitiones
1355 1639 1487 1711 easdem
1501 1664 1537 1719 ro

314 1773 503 1866 relinquere
526 1773 760 1866 salvandisque
785 1772 1013 1844 tantummodo
1039 1773 1235 1867 corporibus
1260 1764 1373 1868 fugam
1399 1774 1486 1846 arri-⁴

312 1900 412 2002 pere(
455 1909 564 1982 Porro
586 1931 658 1981 cum
677 1909 765 1981 idem
779 1907 895 1980 fideles
914 1900 1099 1998 sentirent,
1129 1908 1267 2001 quadam
1284 1908 1414 1980 'lurcos
1439 1910 1480 1980 ab

314 2043 485 2117 obsidione
513 2036 711 2134 recessisse,
745 2038 901 2116 oneratos
926 2066 1009 2116 auro
1032 2050 1065 2115 et
1087 2035 1226 2138 argento
1249 2043 1389 2115 camelos
1405 2062 1484 2136 pre-

293 2158 516 2275 paraverunt
541 2172 583 2252 ad
606 2170 987 2274 procinetum'itineris,
1024 2154 1138 2254 ¹uestes
1167 2179 1266 2250 etiam
1298 2176 1484 2274 purpureas

312 2316 481 2388 dromedis
508 2306 682 2410 impositas
712 2337 786 2386 cum
810 2314 939 2407 reliqua
963 2314 1182 2409 suppellectili
1212 2314 1249 2385 in
1271 2315 1534 2395 multitudinem

310 2447 393 2520 forti
411 2456 444 2521 et
462 2449 557 2544 graui
574 2440 738 2520 duxerant
752 2449 858 2522 Acon.
913 2449 1068 2542 Quicum
1086 2444 1206 2545 gaudio
1225 2444 1350 2545 recepti
1366 2450 1403 2521 in
1420 2443 1482 2522 v'a-

310 2576 483 2673 lidissimis
499 2576 661 2678 presidiis
671 2578 772 2657 locati
794 2592 884 2658 sunt.
938 2583 1114 2659 Sarraceni
1141 2583 1227 2658 uem¹
1248 2591 1282 2656 et
1301 2585 1404 2658 Turei
1426 2585 1481 2656 in-

310 2719 499 2815 telligentes
530 2721 700 2812 ciuitates,
735 2712 817 2813 quas
843 2712 1016 2797 obsidione
1041 2714 1343 2811 circumdederant,
1377 2720 1482 2815 lap‘sis

308 2855 387 2953 fraga
403 2856 522 2930 ineolis
540 2848 669 2948 uacare,
695 2848 783 2929 baud
800 2855 968 2929 difficilem
981 2850 1019 2927 in
1036 2853 1241 2929 suburbanis
1248 2855 1481 2929 feceruntim-

309 2999 423 3088 petum
457 2986 627 3088 captisque
652 2984 840 3066 ciuitatibus
869 2991 921 3063 illi
946 2990 1204 3064 christianorum
1229 2986 1532 3078 te'nuires'iduopo

310 3125 438 3200 strictis
453 3116 670 3199 mucronibus
684 3120 805 3198 aeriter
820 3125 994 3199 instabant
1001 3128 1037 3218 ²)
1048 3146 1065 3218 ,'
1085 3120 1299 3219 delectosque
1321 3134 1355 3202 et
1371 3129 1480 3218 senes,

308 3261 466 3335 mulieres
495 3284 569 3334 cum
593 3262 745 3357 parvulis
771 3261 945 3359 nephanda
970 3252 1078 3335 morte
1105 3261 1194 3334 'circa
1219 3257 1479 3355 qrrinque'milia

308 3388 579 3487 trucidaverunt,
605 3388 715 3490 qidin
738 3392 799 3470 bac
818 3390 898 3508 nece
923 3398 1072 3494 gloriosa
1091 3392 1479 3471 martirumsanctorum

306 3533 493 3607 indubitata
517 3524 841 3628 premia‘eonseeutb
855 3539 951 3607 sunt
998 3524 1146 3607 Proinde
1165 3534 1287 3625 Tusci,
1306 3553 1349 3606 ¹se
1371 3528 1480 3607 ¹uirili-

307 3678 360 3743 ter
383 3670 503 3749 fecisse
523 3662 699 3766 putantes,
732 3662 870 3766 predam
893 3694 915 3741 a
938 3668 1128 3743 christianis
1144 3663 1320 3761 ¹sublatrim
1342 3669 1480 3765 piratica
1490 3698 1530 3751 25

308 3798 409 3881 manu
428 3804 572 3904 diripere
589 3798 847 3897 contendentes,
857 3805 1047 3879 circanam
1060 3800 1177 3880 'eastra
1194 3805 1309 3877 metati
1326 3811 1478 3876 sunt‘ocss

308 3931 529 4037 oupantesque
552 3933 724 4032 'illam³),
760 3940 879 4014 scilicit
911 3940 1050 4018 naulum
1077 3949 1134 4045 aut
1158 3941 1294 4014 narium
1314 3939 1478 4010 'munitio-

307 4098 402 4165 nem,
429 4076 493 4169 4)a
510 4077 697 4170 lantgravio
715 4075 895 4150 Ludewieo
921 4078 1023 4174 longo
1039 4070 1134 4175 prius
1151 4073 1302 4172 tempore
1318 4071 1479 4172 prepara-

308 4362 331 4423 lt
347 4360 465 4426 desagati.
552 4328 556 4333 ι
904 4357 930 4425 4)
945 4362 981 4410 Im
997 4364 1039 4412 Or.
1056 4380 1129 4414 vora
1145 4363 1213 4413 noch
1229 4361 1269 4411 ein
1285 4376 1343 4428 que,
1361 4357 1480 4410 w‘a'hreud

307 4444 333 4508 2)
348 4444 463 4498 instabat.
906 4460 930 4495 eo
949 4444 1013 4497 doch
1029 4446 1120 4498 wieder
1137 4456 1296 4515 preparatam
1311 4444 1399 4497 heil'st.

306 4528 333 4596 3)
348 4538 496 4596 occupantes
514 4527 612 4595 illaque.
1302 4544 1306 4553 ·
