3426 5096
890 252 933 320 54

811 339 1014 352 *—

281 500 291 513 ,
326 430 473 503 minatus
495 433 558 502 cst.
608 426 764 501 ldortuus
786 431 839 498 est
862 425 967 501 otium
985 426 1118 520 quidam
1139 425 1340 501 Adilbertus
1362 430 1403 502 de
1424 429 1503 504 llil·
1538 450 1542 453 ·

326 564 488 660 dinbmg,
514 562 573 656 qui
592 583 655 657 pro
679 560 830 634 masiliis
847 548 1145 658 ingeniosis-‘apud
1165 562 1416 659 imperatoriam
1440 590 1523 656 au-,

327 699 486 773 mentium
506 706 647 793 persepe
666 694 809 788 «babilis,
835 719 910 771 curn
929 703 1106 792 prenotato
1125 698 1206 772 duce
1226 700 1376 795 ejusdem
1390 703 1501 775 tumbe

328 833 457 908 loculos
470 833 518 906 in
539 832 675 929 lugubri
702 832 875 929 sepultura
903 832 1045 905 sortibus
1073 838 1135 909 est.
1186 832 1367 909 Defunctis
1386 837 1500 931 itaque

327 977 395 1043 am
418 968 534 1042 murco
558 974 592 1041 a
612 944 768 1064 ngeiuo
791 966 896 1041 uerus
922 967 1324 1065 cinomannensis,
1359 971 1501 1044 auarum
1533 986 1553 1037 ⁵

326 1104 575 1202 provinciarum
600 1126 759 1199 proceros
787 1126 862 1176 cum
874 1102 1059 1177 innumera
1084 1104 1295 1179 multitudine
1322 1106 1395 1200 (acl)
1418 1107 1501 1181 ulci-

326 1243 485 1316 scendum
509 1238 758 1314 ferventissime
780 1244 1003 1312 accesserunt.
1057 1238 1207 1332 Quorum
1221 1241 1327 1314 duces
1346 1241 1500 1337 precipuo

325 1400 386 1452 rer
401 1375 564 1466 Prosda,
588 1398 649 1449 rer
665 1348 788 1470 Anglic
807 1380 841 1446 et
860 1373 981 1455 tertius
995 1346 1155 1447 Flandrie
1171 1399 1300 1467 comes,
1327 1400 1402 1451 curn
1417 1376 1501 1471 plna·

325 1512 442 1586 ieratis
464 1518 499 1584 ot
512 1500 709 1585 ¹venustatis
730 1508 961 1606 procinctuum
983 1510 1196 1619 apparatibus
1220 1511 1500 1606 ingenuosissime

327 1648 443 1739 iactis,
468 1645 613 1720 fideliter
630 1652 664 1718 et
678 1645 876 1718 fiducialiter
891 1645 933 1721 ad
948 1644 1138 1743 pervicaces
1150 1647 1186 1736 1κ)
1206 1653 1319 1720 sancte
1344 1647 1452 1720 erucis
1468 1654 1501 1719 et
1513 1665 1552 1720 su

326 1783 488 1882 profugos
510 1781 627 1855 bostes
651 1781 872 1878 applicantes,
896 1781 1079 1877 predictam
1104 1787 1138 1854 et
1160 1782 1369 1879 sepedictamv
1383 1782 1502 1858 cisitu

327 1928 402 1993 tem
419 1918 591 1993 obsidione
615 1941 704 1992 nucu
727 1925 761 1990 et
787 1916 894 2013 magis
916 1916 1073 1990 'accurata
1095 1918 1281 2008 vallarunt,
1314 1916 1499 2011 erectisque

328 2058 540 2132 diversorum
553 2076 726 2131 murorum
741 2052 919 2128 tormentis
935 2059 1054 2132 contra-
1067 2053 1244 2144 ciritatcm‚
1265 2054 1326 2126 secl
1341 2077 1425 2127 ausu
1434 2020 1500 2126 'dc-

327 2174 482 2290 superius
508 2190 672 2280 erbibito,
697 2180 842 2265 uiriliter
864 2193 898 2260 et
919 2187 1123 2282 unanimiter
1152 2188 1349 2281 astiterunt,
1383 2196 1437 2280 at,
1462 2196 1501 2262 ut

318 2316 428 2426 'periti
439 2327 575 2417 athlete,
591 2325 679 2399 acics
699 2330 732 2397 et
751 2329 880 2399 turmas
894 2322 1066 2398 hincinde
1086 2330 1283 2416 statuentes,
1308 2349 1499 2421 propugna—
1512 2349 1552 2403 rs

328 2464 439 2537 culum
456 2461 629 2558 gentilium
644 2466 782 2533 catonus
799 2457 915 2538 inie'sti
928 2459 1126 2533 institerunt
1135 2462 1185 2552 2),
1210 2466 1249 2533 ut
1261 2461 1376 2556 plures
1389 2460 1501 2534 animo

328 2596 552 2689 toreumati,
592 2596 743 2692 plerique
778 2592 884 2668 eliam
906 2594 1047 2693 jaculis
1062 2596 1244 2692 prostratis
1282 2595 1501 2670 munitionem

327 2733 533 2808 Acbarontis
546 2726 741 2843 desererent
758 2737 793 2811 et
811 2731 980 2804 latebrosa
1003 2753 1164 2827 perverse
1187 2731 1390 2807 consciencie
1412 2731 1502 2805 tadin

326 2869 550 2967 trepidissime
575 2867 742 2942 soverent.
794 2866 923 2958 Porro,
954 2873 1105 2962 tempore
1129 2867 1194 2940 alio
1216 2866 1305 2940 inter
1329 2866 1499 2963 predictos
1566 2851 1571 2855 ⁸

325 3029 424 3102 reges
449 3003 596 3077 inlausta
622 3003 765 3093 seditio,
788 3026 871 3105 *eum
893 2996 1093 3097 perniciosis
1119 3002 1316 3099 spectaculis
1343 3002 1551 3093 exhibitam

327 3138 466 3243 humani
507 3138 640 3234 generis
681 3137 875 3211 adversarie
905 3138 1127 3234 ⁴malignitatis
1163 3138 1329 3211 intuitum*
1358 3138 1501 3236 prebuit.

325 3274 491 3371 Quicquid
507 3273 573 3366 bii,
596 3273 656 3367 qui
673 3272 715 3345 ad
728 3273 984 3369 promerendam
998 3275 1067 3349 rite
1083 3296 1240 3349 coronam
1255 3275 1403 3349 unanimi
1422 3298 1501 3346 con⁶

324 3410 580 3504 cordiquo‘roto
600 3410 642 3481 acl
658 3415 784 3482 terram
801 3416 949 3483 sanctam
965 3417 1189 3502 accesserant,
1216 3411 1252 3484 in
1270 3436 1330 3484 sua
1347 3409 1502 3485 conversi

324 3546 466 3640 viscera,
482 3544 648 3620 flebilibus
663 3544 820 3643 auspiciis
834 3546 876 3617 ad
893 3528 1165 3620 desiderabiliora
1180 3547 1234 3620 dei
1247 3540 1366 3620 manus
1382 3568 1502 3619 eruen-

322 3692 375 3760 tas
393 3684 560 3760 uiolenter
582 3650 777 3780 injecerant.
831 3681 979 3775 cumque
1007 3682 1134 3773 dystim
1157 3682 1292 3756 sortiter
1317 3682 1554 3755 committe-25

323 3828 412 3912 rent,
436 3845 478 3894 eo
492 3843 600 3916 usquc
614 3820 651 3893 in
666 3817 820 3892 conflictu
836 3842 1032 3917 processum
1048 3792 1110 3910 est,
1136 3804 1174 3891 ut
1188 3819 1335 3893 lacobus
1354 3818 1393 3890 de
1409 3817 1503 3890 Ave-

324 3956 379 4027 nis
391 3956 445 4046 ³),
472 3957 583 4049 quiet
606 3979 667 4052 pre
688 3956 809 4028 ceteris
831 3950 1066 4028 benefaciendo
1088 3955 1240 4046 emicuit,
1266 3954 1308 4027 ad
1325 3952 1502 4045 utriusque

323 4072 430 4165 sortis
455 4087 701 4179 latitudinem,
727 4090 839 4165 divine
864 4090 991 4164 scilieet
1016 4097 1050 4163 et
1074 4089 1248 4183 bumana,
1261 4089 1378 4167 bellica
1402 4110 1505 4176 manu
1538 4125 1542 4129 ·

326 4223 536 4297 occumberet
556 4227 590 4294 ct
611 4222 682 4294 suis
701 4225 981 4300 commilitonibus
998 4228 1150 4300 luctuosa
1166 4226 1312 4300 lamenta
1329 4225 1505 4301 transmit-

327 4458 353 4524 1)
367 4458 520 4527 provioacec.
927 4459 954 4526 3)
968 4429 1017 4511 Am
1040 4458 1151 4528 &Sept
1177 4457 1250 4512 1191.
1296 4463 1322 4510 S.
1341 4460 1445 4512 Wilkan
1463 4460 1506 4519 tv,

326 4542 352 4608 2)
369 4542 513 4610 extiterunt.
930 4547 956 4595 S.
971 4539 1031 4596 424.
