3422 5094
782 237 825 315 43

215 414 337 473 lecturus
349 412 377 487 1)
393 410 535 483 Poloniam
552 412 626 473 venit
643 410 739 470 llalam
751 412 796 486 2),
818 409 864 477 ubi
881 409 945 471 dum
962 428 1025 477 eum
1039 409 1130 473 debita
1148 410 1326 489 processione
1342 429 1389 471 su-

215 515 368 600 sciperent,
390 514 478 592 ruptis
498 513 606 601 funibus
632 523 812 573 cessaverunt
835 530 976 589 campane.
1021 508 1087 579 lnde
1107 511 1179 571 ultra
1195 503 1388 589 proiectus'),
1420 589 1423 595 Ι

215 614 322 691 legatos
339 613 453 672 Polonie
471 612 584 672 derbes
605 624 733 691 petentes
756 612 878 690 suscepit
898 623 927 670 et
947 612 987 670 sic
1005 631 1065 670 cum
1086 631 1154 690 pace
1170 610 1206 669 ad
1224 622 1328 689 patrem
1344 629 1389 669 re-

214 716 341 774 vertitur,
384 714 420 772 m
436 714 542 773 demum
559 715 652 792 gravis
673 711 812 772 discordia
832 712 906 771 inter
922 711 1079 771 Conradum
1094 711 1282 789 Mogontinum
1299 711 1389 769 arebl-
1400 721 1443 766 ct.
1455 722 1532 779 stup.

185 816 372 897 bapiscopmn
389 826 425 885 ¹et
445 808 621 874 Ludervicum
645 815 826 892 lantgravium
852 812 942 874 denuo
964 825 1080 884 exorta,
1108 813 1172 871 ville
1181 813 1212 885 4)
1234 810 1388 890 quedama
1422 802 1444 834 ⁸¹
1457 790 1515 834 ¹¹⁸⁶·

214 915 342 975 militibus
357 935 451 974 eorum
469 918 495 973 in
512 915 663 995 Tbnriugia
680 927 709 974 et
727 915 863 974 llassonia
881 914 1067 987 devastantur,
1090 914 1272 992 abepiscopo
1289 912 1389 970 castel·

214 1033 269 1090 lum
284 1032 565 1110 Heylingenberg⁶),
589 1053 606 1090 a
629 1033 784 1111 lantgravio
801 1044 923 1091 castrum
941 1031 1151 1111 Gruninberg⁶)
1172 1030 1334 1090 edificantur
1356 1017 1390 1083 el

316 1147 418 1221 Anno
444 1149 583 1222 Domini
606 1149 872 1224 MGLXXXVII
902 1148 1008 1224 biems
1038 1149 1149 1246 tepida
1184 1155 1217 1220 et
1247 1170 1389 1261 prorsus

216 1286 339 1376 absque
358 1281 436 1356 nive
457 1308 563 1378 usque
583 1287 625 1358 ad
640 1285 763 1359 festum
780 1285 995 1360 Scholastica.
1047 1284 1122 1359 Hoc
1147 1299 1234 1357 anno
1261 1280 1391 1355 abbatia

167 1419 251 1490 toin
267 1417 487 1514 Breytungen
501 1420 538 1493 iu
555 1421 737 1493 dominium
757 1428 791 1493 et
807 1423 1047 1538 proprietatem
1067 1419 1192 1493 domini
1210 1416 1391 1513 lantgravii

216 1552 351 1628 devenit
361 1555 408 1646 7).
452 1572 512 1631 Hoc
532 1593 603 1631 anno
625 1572 770 1633 Saladinus
785 1564 829 1632 vel
846 1573 976 1633 soldanus
998 1575 1115 1632 collecta
1133 1570 1302 1631 multitudine
1321 1570 1391 1628 Tur·
1402 1580 1445 1626 oa.
1456 1581 1533 1637 sup.

216 1707 311 1746 corum
333 1693 385 1762 (et)
404 1688 604 1748 Saracenorum
626 1664 748 1749 conflixit
771 1690 834 1750 cum
857 1710 925 1768 rege
941 1690 1175 1771 Jerosolymitano
1191 1701 1221 1748 et
1239 1687 1389 1766 templariis
1422 1662 1444 1693 ι’
1456 1648 1514 1693 lm

217 1789 256 1859 (ll
271 1788 335 1847 ldos
352 1788 432 1860 lulli,
453 1801 535 1868 capta
551 1790 667 1869 denique
682 1810 765 1849 cruce
781 1803 809 1851 ct
824 1791 982 1870 quibusdam
999 1793 1137 1870 episcopis
1152 1790 1313 1869 templariis)
1330 1805 1391 1847 cum

215 1889 426 1969 bospltalariis,
453 1891 565 1951 circitor
592 1892 665 1953 mille
693 1889 817 1951 ducentis
842 1904 873 1953 et
898 1894 1012 1972 amplius
1037 1893 1154 1964 occisis,
1179 1891 1333 1961 Jerusalem
1362 1900 1392 1950 ot

167 1992 307 2050 tbomnia
332 1990 446 2049 castella
466 1992 675 2052 christianorum
694 1995 767 2071 cepit
785 2004 815 2052 et
837 2013 943 2052 omnem
963 1994 1163 2079 ‘multitudinem
1186 1994 1213 2050 in
1237 2011 1286 2051 ore
1308 1990 1393 2070 gladii

215 2093 372 2170 corrumpit.
418 2090 527 2151 Fideles
542 2094 649 2171 itaque,
673 2095 717 2172 qui
733 2105 912 2172 supererant,
935 2076 995 2152 cum
1011 2112 1079 2173 rege
1095 2094 1189 2151 literas
1206 2090 1240 2149 ad
1261 2108 1392 2150 summum

214 2193 371 2271 pontificem
389 2174 573 2252 Romanorum
596 2193 731 2272 dirigant,
743 2200 955 2273 ‘conquerentes
975 2214 1025 2253 sua
1048 2195 1197 2252 infortunia
1216 2204 1245 2252 et
1263 2193 1392 2250 auxilium

193 2368 196 2371 Ι
214 2288 401 2372 implorantes.
445 2294 521 2377 Pap'a
537 2315 606 2353 vcro
621 2295 777 2368 Romanus,
802 2297 930 2357 Clemens
946 2297 1059 2369 tertius,
1082 2298 1166 2367 misso
1181 2294 1333 2373 apostolice
1348 2311 1393 2351 se-

216 2392 258 2452 dis
273 2395 376 2473 legato,
400 2394 615 2475 delinquentibus
630 2397 748 2475 spondet
763 2401 880 2470 veniam,
901 2397 1068 2456 merentibus
1084 2397 1310 2465 consolationem,
1327 2413 1393 2452 ana·

166 2501 208 2555 20
217 2494 382 2555 tbemizatos
405 2499 564 2556 reconciliat
583 2499 716 2571 ecclesie,
738 2511 767 2558 et
787 2501 907 2578 quisquis
929 2486 986 2578 pro¹
1000 2498 1110 2558 Christo
1131 2517 1168 2556 ex
1190 2497 1274 2556 terris
1297 2492 1392 2554 haberi

217 2597 366 2668 voluisset,
394 2616 431 2657 ox
450 2599 573 2676 injuncto
596 2597 649 2658 sibi
671 2602 825 2678 apostolice
845 2600 921 2661 sedis
945 2600 1035 2659 officio
1057 2598 1244 2659 indubitanter
1266 2599 1292 2658 ei
1313 2598 1391 2675 regui

218 2695 330 2757 celestis
353 2696 454 2756 aditum
476 2700 657 2777 patefaceret.
913 2690 915 2694 ⁸

303 2811 417 2920 rUnde
440 2837 528 2885 enno
547 2814 686 2889 Domini
702 2784 987 2891 lllGLXXXlllH
1008 2816 1170 2887 Hinrious
1189 2814 1393 2893 Albanensis

218 2948 414 3051 episeopus,
449 2946 629 3049 apostolice
660 2948 750 3025 sedis
782 2949 933 3047 legatus,
960 2920 1158 3045 ‘pervagatis
1171 2950 1208 3041 8)
1240 2947 1393 3046 plmbus

167 3105 209 3160 25
221 3081 398 3171 (immonis
417 3083 626 3173 civitatibus,
651 3085 841 3188 elotandem
858 3085 1067 3185 Mogunliam
1078 3085 1113 3181 9)
1137 3084 1312 3183 ingressus
1331 3090 1394 3179 est,

216 3221 299 3315 ubi,¹
314 3220 393 3320 dum
411 3208 596 3318 imperialis
615 3218 689 3293 aulc
703 3220 847 3297 sentiret
864 3221 1051 3298 iosmurata
1069 3220 1274 3321 commercia,
1299 3242 1394 3296 sere-

216 3334 375 3433 masma
388 3334 529 3457 dodosi
552 3353 766 3455 imperatoris
784 3354 951 3433 Friderici
973 3355 1160 3456 aspectibus
1187 3379 1260 3430 oum
1286 3354 1392 3433 muto

216 3492 374 3566 comitatu
391 3489 556 3567 exhibitus
573 3495 636 3567 eal.
687 3489 771 3565 Nam
786 3491 876 3567 idem
891 3492 1076 3591 imperator
1092 3515 1167 3565 cum
1184 3491 1393 3579 diversarum

166 3627 168 3633 ’
215 3627 465 3727 provinciarum
483 3624 648 3725 episcopis
665 3631 698 3701 el
712 3626 930 3727 principibus,
951 3626 1166 3703 innumerosa
1182 3625 1393 3701 multitudine

166 3734 365 3843 solidelium
383 3761 506 3839 ibidem
520 3762 563 3839 ad
579 3761 777 3861 audiendam
791 3761 966 3861 apostolici
983 3761 1184 3861 legationem
1200 3746 1392 3837 advenerat.

219 3994 245 4063 1)
258 4006 430 4063 provecturus.
818 3994 860 4044 len
877 3994 938 4044 iiber
953 3994 1122 4061 Amdneburg.

218 4077 246 4145 dl
258 4079 324 4135 hale.
818 4075 847 4144 7)
859 4078 1104 4145 Hemonbreiumgoo
1120 4094 1153 4133 an
1167 4076 1212 4131 der
1226 4079 1319 4131 worm
1332 4076 1395 4131 vird

218 4158 246 4227 3)
260 4175 401 4229 provectus.
819 4163 930 4230 gemeint
952 4161 1014 4217 acin.
1050 4165 1079 4213 lu
1102 4162 1182 4214 dieser
1198 4164 1274 4214 Fonn
1292 4162 1394 4215 ocbeint

219 4241 246 4310 4)
261 4245 330 4296 villa.
819 4248 860 4297 die
876 4246 952 4298 Notiz
974 4246 1067 4312 jedoch
1088 4248 1158 4300 niclrt
1174 4245 1268 4315 richtig
1286 4264 1316 4298 zu
1331 4246 1393 4297 sein.

219 4327 248 4396 5)
259 4328 477 4387 inbliedarbesaao
491 4335 538 4386 aui
550 4333 596 4386 der
611 4333 794 4389 reobtonSeita
819 4334 844 4383 S.
862 4332 977 4387 Bomoi
993 4335 1020 4395 I,
1036 4348 1063 4400 p.
1072 4330 1131 4385 242.

219 4411 266 4464 der
282 4412 374 4464 Edder.
763 4464 769 4471 ,
818 4415 844 4481 ὃ)
860 4418 898 4466 lm
914 4419 956 4466 Or.
975 4416 1107 4483 peragatis.

218 4493 246 4567 6)
258 4496 381 4550 ebenl'alls
398 4497 424 4549 in
441 4500 474 4550 H.
493 4500 612 4566 gelegcn,
629 4503 710 4569 cinige
725 4501 793 4554 Mei·
817 4495 897 4567 9)1m
913 4500 984 4555 Mam
999 4496 1077 4553 1188.
