3426 5096
880 257 923 319 58

312 430 442 506 ederitis
453 436 491 501 et
506 430 681 501 innumero
697 426 805 521 plebis
821 424 1053 519 multitudine,
1078 425 1326 520 pontificatibus
1340 426 1491 519 indutus,

312 567 355 638 ed
381 587 554 639 oeeursum
580 567 865 636 sarmentorum
891 585 931 636 se
956 568 1136 673 proparat3
1169 560 1292 654 quibus
1315 562 1363 635 ad
1383 562 1490 636 attare

314 725 391 775 eum
407 700 529 772 timore
539 698 685 788 deletis,
711 698 836 770 elerum
858 703 893 769 et
909 697 1070 792 populum
1087 696 1211 769 iberum
1226 696 1415 791 iterumque
1433 721 1493 770 ex-

314 836 480 924 bortrtm,
497 833 585 917 illud
600 833 637 906 in
651 833 839 928 supplicatu
856 832 1074 926 optinendum
1090 831 1281 927 proposuit,
1296 838 1349 923 ut,
1363 832 1395 905 si
1411 856 1493 906 veru

314 970 426 1045 forent
446 968 615 1059 misterii,
640 967 731 1041 inire
750 967 931 1040 missurum
946 967 1132 1063 solempnia
1151 966 1294 1040 etiarm
1312 968 1491 1060 quamlibet
1524 993 1544 1045 5

313 1105 521 1179 abrubriertu
543 1104 719 1200 superficie
745 1104 861 1176 eadem
877 1109 1083 1177 sacramenta
1102 1102 1359 1177 perversionem
1371 1102 1492 1176 indue·

314 1247 409 1332 reat,
435 1241 477 1313 ad
497 1239 644 1337 perferte
660 1238 741 1312 fidei
757 1238 996 1330 eonstrntim,
1019 1240 1126 1311 robur
1142 1240 1234 1333 spei,
1259 1238 1408 1312 raritatis
1430 1239 1492 1311 fir-

313 1377 510 1451 mitudinem
524 1375 703 1451 universos
721 1380 910 1465 evoment,
930 1398 968 1448 se
984 1373 1127 1469 singuiis
1143 1375 1368 1447 consulerent
1394 1374 1492 1467 Quod
1617 1462 1620 1467 Ι

315 1521 350 1587 et
370 1511 495 1586 fretum
515 1517 603 1584 ost.
629 1510 717 1584 Num
736 1516 950 1584 oonseerente
973 1516 1180 1583 sementa
1202 1509 1359 1604 pontifics
1385 1510 1493 1583 omni-

315 1649 443 1742 busque
464 1647 503 1719 in
528 1646 679 1719 oratione
704 1646 907 1721 etlaerinris
932 1645 1213 1740 consistentibus,
1235 1646 1356 1718 erdem
1377 1666 1544 1720 saue-ro

314 1789 427 1857 menta
441 1782 538 1855 rubri
554 1781 678 1855 eoloris
699 1781 842 1856 formum
858 1788 1035 1872 exuentes,
1061 1782 1203 1874 quadarn
1220 1781 1358 1855 miribee
1376 1781 1493 1853 altori·

314 1925 383 1993 tete
406 1918 481 2010 sui,
506 1918 601 2011 quusi
624 1940 729 1990 umlm
752 1918 953 2014 subnigrunr
971 1916 1009 1989 in
1034 1916 1210 2013 supertieie
1236 1920 1492 2012 eomparueruut

315 2061 350 2127 et
364 2077 501 2127 omnem
511 2052 712 2126 dubietrtem
727 2075 926 2147 omnemque
946 2075 1107 2144 errorem,
1133 2052 1192 2146 qui
1208 2052 1303 2148 prius
1317 2050 1411 2124 nasei
1427 2073 1491 2145 po-

315 2190 399 2281 tuit,
436 2188 687 2286 potentissime,
699 2196 913 2264 ererummt.
974 2186 1129 2280 Denique
1165 2194 1276 2261 ereeta
1305 2193 1340 2259 et
1373 2207 1492 2296 oense

317 2331 408 2398 oreta
419 2326 454 2416 1)
482 2325 597 2396 eodem
613 2330 820 2411 sumomonte
839 2347 915 2397 euin
937 2323 1102 2399 eoobleeri
1123 2330 1157 2396 et
1177 2322 1330 2397 orrtberr
1349 2345 1490 2397 venera-
1504 2342 1543 2396 ss

317 2459 428 2532 biliter
451 2458 608 2553 imposita
632 2465 723 2532 sunt.
777 2459 882 2556 Cujus
912 2466 1023 2533 autem
1052 2459 1195 2555 peeeatis
1226 2457 1432 2553 exigentibus
1458 2463 1493 2529 et

316 2594 513 2668 meritorum
536 2594 706 2697 qualitate.
719 2595 919 2692 deposcente
945 2619 1002 2669 res
1027 2594 1246 2669 istainsoiita
1264 2600 1333 2666 tam
1351 2592 1492 2667 uu’ribre

317 2729 448 2821 enituit,
473 2754 543 2803 non
558 2738 611 2804 est
626 2755 711 2827 opus
726 2738 881 2805 nostrum
899 2731 1086 2822 disserere,
1113 2730 1195 2825 quin
1209 2729 1322 2826 potius
1339 2729 1371 2802 ei
1386 2728 1493 2801 relin-

316 2867 469 2961 quimus,
495 2866 553 2961 qui
569 2890 608 2940 ea
622 2868 749 2943 ereevit
765 2890 806 2941 ex
820 2867 943 2941 niebibe
961 2873 995 2940 et
1008 2865 1323 2941 mmssubstentiuri
1334 2863 1493 2960 2)<voluit

316 3006 353 3077 in
373 3009 591 3077 memoro.
643 3003 729 3077 Aeta
750 3011 831 3077 sunt
849 3004 910 3078 hee
934 3024 1022 3085 anuo
1042 3002 1182 3076 Domini
1198 3000 1361 3092 mit,
1380 3000 1490 3113 primo
1502 3009 1544 3064 2⁰

316 3142 477 3233 regnante
495 3135 636 3209 Hinrieo
660 3136 885 3233 imperrtorep
905 3163 995 3213 anno
1017 3139 1228 3235 episcopatus
1255 3137 1384 3211 domini
1403 3136 1494 3210 Gen·

318 3272 393 3345 redi
410 3295 514 3363 nono,
539 3272 704 3344 medianto
725 3275 977 3371 quadragesima
995 3274 1035 3348 in
1049 3274 1303 3349 mnmtiatioue
1317 3271 1493 3361 dommim,

316 3408 355 3480 in
370 3405 543 3482 Erfurdiu
1222 3458 1227 3463 -
1382 3434 1387 3441 ·

394 3596 397 3603 -
419 3543 489 3617 Per
510 3544 599 3618 idem
620 3551 751 3642 tempus
776 3543 933 3621 'sueerdos
957 3547 994 3619 iu
1010 3544 1212 3622 fledebeebe
1231 3535 1274 3618 'in
1294 3543 1492 3639 Tharnen,

220 3728 224 3744 ‚
317 3705 392 3754 eum
411 3679 581 3756 infirmnm
605 3682 761 3757 visitaret
787 3704 861 3756 eum
886 3705 1025 3779 corpore
1049 3681 1195 3773 Gbristi,
1220 3680 1353 3755 obviam
1378 3672 1494 3752 babuit
1502 3693 1545 3749 ss

316 3818 490 3892 mutierem
516 3818 746 3910 meretricem,
779 3842 845 3913 qne
872 3819 1017 3892 domans
1043 3818 1145 3891 dixit:
1187 3816 1216 3892 0
1243 3816 1375 3891 domine
1399 3811 1493 3904 deni,

320 3953 403 4024 situ
419 3976 456 4025 es
476 3955 535 4046 qui
550 3948 712 4028 mundum
726 3954 849 4028 errasti
865 3962 900 4027 et
913 3954 1104 4047 redemisti,
1130 3955 1226 4051 eujus
1242 3972 1363 4049 eorpus
1378 3949 1416 4022 in
1431 3949 1493 4022 bre

318 4085 429 4181 pixide
445 4093 618 4181 portetur,
642 4090 802 4162 miserere
825 4091 926 4163 miebi
949 4091 1142 4187 poeeatriei,
1168 4088 1369 4163 remittendo
1392 4084 1494 4160 miehi

317 4227 454 4318 pearata
475 4243 560 4294 mee.
613 4220 697 4296 Gom
719 4222 919 4298 boe'flondo
940 4233 974 4298 et
997 4233 1168 4323 prostrata
1190 4226 1333 4316 diceret,
1360 4248 1427 4298 vox
1444 4222 1494 4294 de

318 4352 429 4455 pixide
455 4355 539 4430 dixit
563 4356 593 4429 ei
616 4357 721 4432 latino
749 4383 921 4435 sermone:
954 4362 1118 4435 misereor
1143 4362 1194 4435 tui
1219 4367 1254 4434 et
1279 4360 1413 4435 dimitto
1434 4358 1495 4433 tibi
1504 4365 1546 4422 3⁰

321 4539 345 4606 1)
361 4549 446 4592 erecto
463 4550 488 4591 ot
507 4551 660 4593 consecrato.
830 4526 833 4531 ¹
917 4541 944 4609 2)
958 4542 1184 4597 treneubemntialt
