3426 5096
804 264 844 328 57

233 436 455 516 Eriordensis
469 436 637 532 propositi
653 435 827 507 multiloea·
838 434 1001 506 relatione
1016 432 1180 509 :devolvit
1217 434 1281 527 Qui
1297 433 1410 509 missis

233 572 429 668 presbiteris
446 578 480 643 et
499 571 628 644 clericis
642 562 834 679 'terribilem
859 570 952 641 illam
970 570 1223 644 conversionem
1240 570 1366 643 rimari,
1378 576 1412 642 et

229 707 382 804 judicare
405 707 597 798 constituit,
622 701 707 778 illud
729 727 922 800 proponens
948 711 982 776 et
1004 704 1203 800 injungens,
1228 705 1260 777 si
1283 728 1340 778 res
1359 706 1412 777 ita

186 892 191 897 -
234 864 272 914 se
290 849 329 914 ut
345 843 515 915 dicebatur
533 841 680 932 haberet,
705 840 742 913 iu
760 841 982 914 consultando
997 846 1031 911 et
1047 845 1290 911 sacramentum
1307 861 1411 913 vene·

195 997 225 1050 s
237 979 343 1050 raudo
361 978 600 1073 procedereut3
626 976 778 1050 sincero
796 976 909 1049 lictum
931 975 1011 1068 quid
1029 981 1087 1047 aut
1109 974 1300 1048 simulatum
1314 995 1413 1069 repe-

233 1111 379 1201 riretur,
406 1114 517 1186 debito
536 1107 925 1208 silentiocoutegercnts
968 1110 1118 1184 Proinde
1143 1111 1201 1204 qui
1220 1109 1317 1183 missi
1337 1109 1411 1182 fue·

234 1251 329 1336 rant,
356 1247 518 1319 mittentis
536 1249 633 1344 jussa
657 1249 878 1343 complentes,
908 1253 1122 1344 prenotatum
1145 1268 1410 1340 vocavereprc-

234 1382 407 1471 sbitcrum,
433 1389 467 1454 et
482 1406 554 1455 rem
573 1389 699 1478 gestam
719 1383 973 1479 diligentissime
990 1383 1207 1472 sciscitantes,
1230 1389 1269 1454 ut
1289 1381 1412 1454 domm

234 1513 598 1608 breratfpinveueruut.
651 1518 762 1592 Porro
784 1519 1016 1594 saeratissimo
1033 1520 1149 1593 eodem
1171 1519 1273 1591 allato
1292 1517 1409 1589 miste-

186 1670 226 1725 10
238 1651 302 1742 rio,
323 1675 496 1726 occursum
511 1662 563 1727 est
573 1678 600 1726 a
610 1654 972 1744 'clericis-bonoram
988 1654 1155 1750 apopulo,
1176 1656 1211 1726 et'
1227 1655 1266 1726 ab
1281 1652 1411 1725 utrius·

233 1811 297 1879 que
313 1810 414 1861 serus
428 1788 584 1861 fidelibus
596 1811 668 1861 cum
684 1790 774 1862 omui
788 1790 980 1865 reverentia
994 1797 1027 1862 et
1042 1790 1252 1862 lacrimarum
1263 1787 1409 1883 irriguo,

231 1928 428 1995 reverenter
448 1945 486 1995 ac
505 1923 720 1997 devotissime
732 1932 926 2020 susceptum
945 1932 1008 1997 est.
1046 1924 1201 2018 Denique
1219 1948 1276 1997 res
1294 1925 1409 1997 cadem

231 2055 525 2151 lloguutinensem
542 2059 734 2155 episcopum
758 2084 828 2132 noa
849 2059 966 2150 latuit,
993 2060 1050 2151 qui
1072 2060 1171 2131 etiarn
1194 2083 1267 2131 cum
1287 2059 1409 2132 timore

233 2198 266 2297 et
286 2192 478 2266 reverentia
496 2195 585 2288 apud
608 2218 645 2267 se
666 2216 741 2267 canu
754 2196 788 2287 1)
815 2195 1005 2281 senioribus
1028 2194 1235 2284 deliberans,
1260 2216 1303 2264 uc
1328 2193 1411 2286 quid

183 2351 222 2405 15
234 2349 365 2400 novum
377 2336 434 2401 aut
449 2306 630 2402 insolitum.
642 2331 789 2404 oriretur
806 2332 843 2403 iu
864 2331 1019 2421 ecclesia,
1045 2354 1115 2402 non
1136 2328 1232 2403 facilc
1259 2328 1410 2418 credidit,

232 2442 453 2553 sed‘orationi
477 2471 510 2536 et
528 2466 668 2561 jejuniis
688 2467 771 2546 dnus
791 2491 944 2562 operam,
971 2467 1099 2540 auctori
1114 2466 1234 2539 salutis
1250 2486 1409 2536 unacum

231 2598 361 2671 clericis
378 2605 412 2672 et
428 2601 553 2695 populo
571 2601 815 2695 postulationes
839 2626 912 2674 cum
930 2602 1113 2697 gratiarum
1132 2600 1317 2674 actionibus
1334 2600 1409 2673 lieri

230 2730 390 2822 instituit,
415 2732 500 2805 illnd
517 2735 667 2828 optinere
687 2737 893 2826 desiderans,
913 2742 963 2825 ut,
981 2737 1012 2808 si
1027 2760 1065 2807 ea
1084 2759 1167 2809 uera
1181 2741 1306 2825 essent,
1332 2758 1408 2807 eor-

232 2866 334 2961 poris·
346 2872 380 2937 et
395 2867 569 2961 sangoinis
589 2866 715 2939 christi
733 2869 876 2946 misterii
887 2871 923 2961 2)
946 2869 1080 2962 aliquod
1096 2869 1234 2941 evidens
1250 2868 1408 2947 iudicium

180 3027 223 3082 ρο
234 3001 358 3111 abinde·
372 3002 618 3093 ostenderetur,
644 3025 686 3073 ue
708 3004 738 3083 si
755 3002 843 3075 forte
861 3004 1032 3076 simulatio
1052 3003 1168 3097 queuis
1185 3004 1232 3075 ibi
1247 3002 1410 3076 lorctaut
1465 3062 1468 3069 .

231 3137 414 3228 ludicrum,
441 3160 521 3211 vera
538 3113 751 3210 sacramenta·
762 3137 964 3211 haberentur
980 3138 1127 3212 ostentui
1143 3146 1181 3211 ct.
1193 3141 1233 3211 ab
1250 3140 1407 3212 incredu-

171 3292 176 3297 ’
231 3271 275 3343 lis
296 3271 444 3344 insultus
466 3272 563 3350 lieret
587 3273 834 3368 predicatorum
855 3274 1013 3348 libertati.
1030 3335 1034 3340 .
1065 3275 1272 3349 decedentes
1297 3283 1407 3348 autem

229 3407 409 3504 presbiteri
430 3409 582 3503 corporis
605 3409 692 3481 sacri
711 3409 748 3482 iu
768 3409 897 3504 prelato
915 3411 1064 3483 eratbere
1086 3411 1238 3505 quaesiere
1253 3412 1408 3508 portiun-

229 3543 354 3634 culam,
381 3549 421 3615 et.
437 3567 507 3621 uon
530 3544 740 3618 inuenientes
761 3546 965 3618 ammirando
990 3553 1128 3641 stupore
1150 3547 1291 3620 conlecti
1317 3555 1407 3619 suut.

179 3700 219 3756 es
231 3677 380 3751 Proinde
398 3680 514 3752 dautes
533 3704 571 3752 se
587 3676 826 3753 iactationem
842 3683 884 3753 ad
898 3681 1043 3781 primurn
1058 3688 1093 3752 et
1107 3682 1299 3776 precipuum
1316 3684 1404 3756 ueri-

193 3876 197 3881 .
228 3814 494 3911 tatisjudicinm,
522 3838 560 3887 ea
576 3816 788 3915 partiuncula
797 3818 845 3907 ³),
873 3817 1136 3909 quamiurenire
1153 3840 1223 3889 uon
1238 3823 1407 3911 poterant,

231 3950 381 4023 omuibus
398 3950 526 4044 liquide
549 3951 586 4022 iu
610 3950 773 4024 cochleari
793 3958 938 4047 reperta.
951 3941 1135 4047 comparuit
1156 3953 1308 4047 etpaule
1328 3956 1406 4028 ante
1533 3936 1538 3955 “

232 4083 348 4165 dubios
362 4087 458 4181 plene
477 4087 557 4160 {idei
570 4086 637 4161 boe¹
648 4094 848 4182 preostenso
865 4087 1036 4183 signaculo
1053 4088 1211 4162 restituit
1252 4088 1405 4162 Audiens

203 4220 402 4313 -ergobee
416 4222 640 4318 archipresul,
665 4248 740 4296 cum
764 4225 1156 4319 reliquispoutidieibus,
1182 4225 1406 4301 abbatibuset

829 4459 855 4526 3)
871 4478 925 4510 eam
942 4459 1131 4526 partiunculam.

247 4451 256 4516 )
270 4468 362 4501 eccum.

228 4532 254 4603 2)
270 4536 389 4588 misteria.
