3422 5094
888 225 910 291 4

277 383 279 387 ¹
315 405 461 475 montem
478 399 693 496 Katb'erberg
715 405 749 471 et
767 398 954 494 Aldinberg
974 403 1008 471 et
1023 397 1216 494 (lorncberg
1231 398 1369 472 indutus
1383 394 1489 471 melo-
1543 456 1550 469 .

314 536 472 630 lisquasi
486 534 685 633 peregrinus
700 534 849 607 babitare
867 532 972 630 cepit(
1012 533 1076 627 Qui
1092 541 1268 607 contentus
1285 534 1489 607 habitacione

316 672 381 744 loci
395 673 435 744 ab
447 671 696 744 inconsonae
711 670 802 742 illius
813 669 967 743 Bussone
984 669 1111 743 scilicet
1127 670 1166 741 de
1184 668 1334 760 Glycben
1350 676 1384 741 et
1396 667 1491 743 Gun-

316 807 412 881 thero
435 808 474 878 de
489 805 703 901 Kelernberg
721 803 914 895 comitibus,
952 805 1092 897 aliisque
1111 804 1279 878 nobilibus
1296 805 1381 879 viris
1397 811 1431 878 ct
1447 804 1490 877 li·

316 941 405 1015 beris
425 941 541 1036 proclia
562 940 725 1013 nonnulla
741 940 1095 1036 pretiocomparuvit,
1126 941 1241 1014 villam
1256 940 1442 1034 Aldinberg
1454 940 1488 1030 l)
1512 949 1531 1002 ⁵

317 1078 447 1169 aliaque
464 1098 568 1171 prope
588 1076 793 1171 adjacencia,
827 1076 914 1148 culta
932 1083 965 1148 et
981 1076 1124 1166 inculta,
1161 1076 1337 1170 exquibus
1356 1075 1490 1148 novalia

317 1236 489 1286 annovans
513 1180 549 1284 et
567 1213 702 1284 arbusta
723 1211 759 1283 in
777 1211 881 1307 campi
898 1211 1069 1306 planitiem
1089 1235 1255 1306 coequans
1271 1210 1399 1286 viculos
1421 1217 1492 1282 sta-
1550 1258 1553 1267 ι

319 1347 403 1453 tuit,
440 1371 582 1439 quorum
599 1371 703 1418 unum
715 1345 1000 1418 Fredericbsrcde
1014 1349 1072 1436 2),
1094 1348 1195 1419 alium
1213 1346 1492 1437 Reynbcrsborn,

316 1482 397 1554 item
416 1481 680 1577 Dinstirberg³)
698 1476 958 1577 Engelspach4)
977 1480 1172 1576 Espenvelcl
1184 1482 1219 1575 5)
1245 1482 1395 1575 aliosque
1417 1480 1491 1554 aliis

317 1617 507 1690 nominibus
541 1617 731 1712 appellavit.
783 1614 946 1690 Edificalo
973 1616 1076 1712 igitur
1101 1616 1253 1712 prediolo
1279 1617 1315 1688 in
1341 1616 1492 1689 colliculo
1505 1627 1544 1683 lo

318 1753 461 1846 quolam
482 1755 569 1848 apud
584 1753 770 1849 Aldinberg
803 1751 953 1824 dilaniet
975 1753 1188 1849 multiplicari
1205 1753 1291 1846 cepit
1317 1752 1353 1823 in
1379 1753 1494 1824 eodem

316 1890 411 1978 loco,
436 1888 483 1961 ita
500 1895 538 1960 ut
555 1889 707 1961 omnibus
734 1887 804 1961 suis
831 1887 951 1962 vicinis
971 1888 1148 1983 comitibus
1162 1895 1195 1960 et
1213 1887 1380 1960 nobilibus
1396 1860 1493 1960 carus

319 2030 409 2096 essct
426 2031 460 2096 el
476 2024 693 2097 honorabilis.
746 2023 799 2097 Ex
824 2048 889 2117 quo
913 2024 1031 2097 accidit
1048 2031 1085 2096 ut
1106 2025 1325 2119 permissione
1349 2022 1441 2118 regis
1461 2029 1494 2094 et

317 2160 522 2256 principum,
556 2161 676 2253 quibus
694 2159 729 2231 id
740 2160 830 2254 juris
853 2164 924 2230 erat
947 2159 1145 2248 concedere,
1178 2166 1251 2231 tum
1267 2157 1495 2233 innumerabi-

319 2296 406 2367 libus
423 2294 599 2389 adjuloriis
611 2295 708 2388 juxta
724 2290 876 2380 Loybam
891 2299 1038 2363 montem
1056 2266 1243 2388 Sbweburg
1254 2298 1290 2385 ⁶)
1309 2299 1495 2390 occuparet,
1507 2246 1548 2361 15Ι

319 2408 704 2521 munitioncmerigeret
731 2433 764 2497 el
789 2425 1042 2521 inexpugnabile
1061 2427 1125 2498 sibi
1144 2435 1289 2499 castrum
1313 2430 1497 2501 constituc-

319 2571 382 2652 ret,
410 2563 451 2633 ad
467 2563 556 2655 quod
571 2562 741 2658 negotium
756 2562 938 2656 imperator·
957 2585 1054 2654 quam
1069 2561 1246 2656 plurimam
1259 2570 1387 2657 partem
1405 2564 1497 2658 ejus-

289 2722 292 2737 ·
321 2696 395 2795 clem
414 2699 509 2790 sylve
528 2722 588 2793 per
611 2696 827 2793 largicionem
844 2696 970 2791 regiam
991 2697 1186 2769 auctoritate
1212 2721 1272 2769 sua
1294 2697 1359 2770 sibi
1378 2704 1498 2771 contur-

313 2834 396 2907 lit..
427 2835 471 2907 ln
494 2858 558 2927 qua
585 2840 701 2906 nostre
728 2832 854 2905 scilicet
876 2832 1244 2923 Reynesbcrnensisl)
1270 2834 1496 2928 possessionis

319 2942 455 3043 termini
473 2995 546 3042 cum
564 2969 787 3040 immobilibus
811 2967 997 3063 privilegiis
1016 2967 1168 3039 luminati
1184 2974 1274 3040 sunt.
1326 2968 1374 3041 Ut
1387 2976 1548 3042 autemso

322 3105 446 3175 sciatur
467 3103 631 3175 terminus
656 3102 756 3196 hujus
776 3101 981 3190 collationis,
996 3101 1210 3199 privilegium
1223 3102 1373 3175 *conradi
1391 3100 1497 3199 impe-

322 3237 446 3309 ratoris
472 3236 547 3309 lruic
569 3237 668 3333 operi
694 3237 831 3332 dignum
858 3235 1011 3310 duximus
1032 3237 1250 3312 ⁴inserenllum
1264 3240 1311 3332 8).

324 3490 366 3541 llir
377 3488 555 3540 verschiedene
566 3487 783 3539 sinzelueTheile
796 3486 897 3537 dessel-
921 3505 984 3554 gens
1000 3505 1049 3539 von
1066 3489 1157 3540 Kainon
1173 3488 1293 3539 Heinrich
1304 3491 1348 3540 lll.
1366 3492 1392 3540 S.
1410 3474 1499 3541 cleison

323 3574 372 3624 ben
389 3574 534 3639 gebraucht.
923 3572 1045 3623 Urkunde
1063 3575 1202 3641 (Bamberffi
1218 3571 1259 3625 28.
1269 3579 1365 3641 Auguror
1384 3573 1458 3641 1044)
1473 3575 1499 3625 in

327 3658 352 3725 1)
367 3659 451 3709 Goth.
470 3658 538 3707 Dori
553 3662 611 3708 Amt
628 3656 811 3723 'Georgenthal
924 3658 1061 3724 'linuringia
1078 3662 1153 3708 Sacra
1167 3676 1193 3725 p.
1201 3654 1251 3721 44,
1269 3675 1293 3709 u.
1304 3658 1348 3708 bei
1364 3658 1500 3726 Rullolpbi,

324 3745 351 3808 2)
373 3743 450 3795 Goth.
469 3743 542 3793 stadt
554 3742 594 3792 im
613 3746 686 3791 Ante
704 3742 861 3808 Tenneberpg.
925 3741 1085 3808 Gotharla‘pl.
1101 3761 1126 3809 p.
1146 3739 1202 3795 189.

324 3826 350 3891 3)
370 3828 489 3877 Dasselbe
515 3844 564 3876 was
583 3827 749 3892 Finstirbe1·g,
777 3826 817 3875 ein
836 3825 903 3875 Dori
925 3824 951 3891 7)
969 3826 1194 3895 Reynesponensis.

324 3910 365 3958 bei
382 3911 593 3962 Friedrichsroele.
926 3910 953 3976 8)
973 3912 1016 3962 leh
1039 3912 1108 3961 bulte
1133 3929 1160 3960 es
1186 3911 1228 3961 fuir
1248 3911 1409 3979 iiberlliissig‚
1430 3911 1502 3962 diese

325 3994 352 4059 4)
371 3996 437 4043 Jetzt
452 3994 492 4043 ein
503 3996 575 4042 Dori
589 3995 630 4044 bei
644 3995 857 4047 Friedrichsrode.
930 3996 1048 4047 Urlrunde
1067 3997 1126 4048 hier
1147 3995 1213 4046 noch
1234 3995 1273 4045 ein
1289 3996 1342 4045 Mal
1359 3996 1501 4046 ahdrucken

328 4077 352 4144 5)
371 4077 443 4127 Auch
460 4077 638 4142 Erpliinefeld,
664 4081 727 4145 jetzt
744 4079 902 4144 zerschlage-
927 4098 957 4128 zu
981 4080 1079 4140 lassen,
1106 4080 1138 4129 da
1163 4078 1198 4128 sie
1222 4079 1272 4128 fast
1287 4078 1366 4127 sehon
1388 4077 1429 4126 ein
1452 4077 1501 4128 du·
1577 4140 1582 4149 ι

327 4178 371 4211 nes
396 4160 516 4213 Vorwerk
540 4161 661 4212 zwischen
687 4161 825 4213 Ernstcode
851 4162 902 4211 und
921 4164 1052 4215 ,tzendmal
1076 4164 1102 4214 in
1125 4163 1202 4214 leielrt
1225 4160 1404 4227 zugingliclren
1422 4163 1502 4214 wer-

329 4244 456 4307 Schb'nau.
926 4248 975 4298 ken
999 4248 1121 4315 gedruckt
1137 4248 1171 4295 ist
1186 4245 1237 4296 und
1252 4262 1327 4295 unser
1344 4248 1386 4297 Or.
1407 4247 1462 4297 eine
1475 4247 1502 4297 in

329 4323 356 4393 6)
375 4327 423 4378 Die
454 4327 646 4395 Schuuenburg,
679 4330 720 4379 bei
744 4329 900 4381 Friedrichs-
927 4333 1012 4383 keiner
1036 4331 1122 4383 Weiss
1144 4331 1300 4380 verbesserte
1323 4329 1401 4399 Cupie
1422 4331 1502 4381 bietet

329 4411 400 4462 node.
434 4411 485 4462 fluia
499 4412 649 4476 Erluubnil's,
669 4412 901 4481 die-,Sehauenburg
928 4417 988 4483 (egle
1005 4402 1128 4477 Schultess,
1147 4413 1199 4464 nir.
1215 4413 1326 4481 Diplom.
1342 4417 1363 4481 1,
1379 4433 1405 4483 p.
1425 4413 1501 4480 152).

331 4514 361 4546 zu
385 4496 509 4559 erbonem,
535 4495 625 4546 erhielt
641 4495 704 4571 Grai
719 4483 823 4563 Ludwig
836 4496 902 4548 iibri·
923 4499 972 4550 lch
990 4498 1112 4550 bemerke
1126 4516 1188 4563 nur,
1210 4498 1330 4551 duls'das
1345 4499 1433 4551 inaler
1448 4500 1500 4549 Ur-
