3422 5094
893 217 963 299 tt,

189 405 220 449 tt.
232 405 288 448 rtet.
402 391 484 453 Anno
507 391 616 452 Domini
634 389 826 451 MLXXXllll
859 390 984 453 llinrieue
1007 409 1059 451 rex
1086 389 1176 451 natale
1200 387 1311 449 Domini
1338 388 1411 468 aputl
1431 409 1495 451 sao·

316 506 388 554 etum
413 495 522 553 Petrum
544 494 631 552 llome
654 492 813 552 celebravit.
857 492 999 551 Post-bae
1016 491 1192 572 Campaniam
1209 502 1238 550 et
1257 490 1384 570 Apuliam
1408 493 1490 571 oepit.

317 595 384 659 lude
409 590 523 657 llornam
548 594 657 654 rediens
678 594 847 672 Wypertum
870 592 1080 655 Ravennensem
1103 595 1262 673 episcopum
1289 612 1388 671 papam
1415 593 1491 665 feeit,

316 717 395 777 quem
414 698 581 756 Clementem
603 696 728 766 vocavit,
760 715 776 754 a
799 715 852 773 quo
876 715 937 754 eum
959 696 1055 775 regina
1074 694 1178 754 Bertba
1200 693 1244 753 die
1268 706 1363 753 sancte
1385 694 1492 759 Pasebe

315 806 448 887 imperiali
470 805 661 864 benedictione
683 803 842 863 sublimatus
855 808 882 879 1)
908 818 959 865 est.
1001 796 1139 869 Inierea
1168 798 1245 869 (lum
1273 797 1332 869 hec
1357 797 1394 869 ln
1421 795 1521 871 Iba-5

315 918 360 991 lia
388 922 553 1013 aguntur,
592 914 794 988 Ludewieus
825 938 953 1006 eomes,
989 914 1148 988 fundator
1177 915 1305 988 cenobii
1332 917 1493 1007 Reynar·

316 1052 566 1142 (imbumentis,
603 1053 642 1123 ab
676 1073 714 1122 eo
744 1050 957 1161 quianullum
990 1050 1064 1124 nult
1095 1050 1206 1147 perire
1217 1053 1254 1143 2)
1287 1051 1347 1125 sed
1378 1073 1494 1124 omnes

317 1191 430 1265 salvos
454 1189 579 1278 faeere,
616 1156 680 1280 qui
696 1185 732 1256 in
757 1192 871 1268 vetere
885 1188 920 1278 ³)
952 1192 1152 1259 testamento
1178 1186 1291 1260 Dauid
1322 1186 1495 1260 sanctissi-

315 1348 406 1398 mum
429 1327 468 1398 ab
485 1322 663 1396 homicidio
683 1328 716 1393 et
731 1319 895 1394 adulterio
910 1322 1100 1413 revocavit,
1127 1322 1183 1417 qui
1196 1323 1376 1396 Manassen
1392 1322 1490 1427 etiam
1596 1300 1606 1313 ⁶

314 1460 512 1534 homicidam
539 1466 572 1531 et
599 1458 828 1552 sangwineum
854 1463 887 1528 et
909 1457 1096 1548 ydolatram
1123 1459 1165 1529 acl
1190 1458 1407 1553 penitentiam
1428 1458 1542 1530 clu-to

315 1573 382 1689 xta,
419 1603 452 1668 et
471 1594 637 1669 Ninivitas
658 1616 719 1690 per
741 1593 934 1665 triduanum
955 1593 1120 1689 jejunium
1142 1593 1185 1664 ad
1210 1617 1245 1666 se
1272 1594 1426 1684 vocavit,
1460 1599 1494 1664 et

314 1733 352 1805 in
375 1756 464 1805 nevo
488 1735 687 1805 testamento
713 1728 853 1800 Petrum
879 1714 1113 1823 abnegantem,
1146 1728 1287 1801 Mariam
1315 1729 1504 1833 lacriman-¹

315 1874 404 1958 tem,
425 1856 594 1939 zacheum
616 1865 838 1961 penitentem,
866 1856 1072 1959 Cyprianum
1095 1887 1251 1960 magnum
1276 1888 1336 1960 per
1359 1866 1492 1937 beatum

316 2002 509 2093 lustinum,
545 2007 579 2074 et
605 1996 828 2097 Theophilum
855 2023 892 2073 se
921 2000 1140 2095 denegantem
1167 1974 1231 2095 pei
1254 1999 1394 2072 Mariam
1418 2022 1491 2072 ma-

315 2145 403 2212 trem
428 2139 481 2213 dei
501 2137 762 2212 misericorditer
789 2136 954 2231 suscepit,
988 2136 1079 2230 ipse,
1116 2159 1190 2206 cum
1214 2135 1338 2230 placuit
1359 2136 1407 2226 ei,
1434 2133 1542 2228 qenins

316 2297 392 2347 eum
407 2274 597 2369 segregavit
615 2295 655 2344 ex
677 2270 773 2343 utero
797 2270 914 2343 matris
933 2294 1013 2361 sue,
1038 2277 1177 2344 rotatus
1201 2273 1301 2364 est4)
1327 2295 1387 2367 per
1414 2288 1492 2368 gra-

315 2410 397 2482 tiam
411 2414 517 2480 suam.
556 2406 640 2499 Quia
658 2428 737 2507 ergo
756 2406 912 2478 seductus
931 2403 1040 2479 iuerat
1055 2429 1116 2500 per
1131 2406 1299 2499 feminam,
1315 2408 1376 2480 tali
1391 2407 1490 2479 modo

316 2567 377 2639 per
394 2542 551 2616 feminam
572 2541 678 2638 gratia
697 2540 751 2612 dei
767 2542 809 2633 acl
825 2541 957 2615 ueniam
983 2542 1163 2637 perductus
1187 2550 1248 2615 est.
1302 2542 1386 2615 (lum
1409 2566 1492 2636 quo-

320 2679 395 2752 dam
412 2669 480 2752 'elie
509 2658 709 2775 parasceves
725 2679 761 2770 ⁶)
790 2676 953 2751 inuitatus
980 2676 1182 2750 Lutewiaus
1211 2702 1230 2751 a
1259 2680 1398 2774 conjuge
1432 2701 1493 2751 sua

315 2813 511 2907 Adelbeyele
525 2815 583 2888 nel
606 2834 755 2895 mensam
772 2798 923 2903 saberet,
959 2812 1110 2909 apposita
1138 2821 1217 2887 suut
1244 2814 1287 2888 iis
1309 2814 1541 2910 multigentes

317 2952 466 3024 carnium
483 2975 606 3046 genera
621 2956 655 3021 et
672 2948 863 3021 delicatiora
878 2948 1004 3022 fereula
1023 2950 1062 3020 cle
1077 2949 1207 3023 ferinis.
1257 2950 1354 3043 Quod
1371 2949 1490 3023 videns

317 3108 428 3158 comes
454 3084 625 3179 obstupuit
637 3086 693 3174 ⁶),
729 3083 861 3154 tieem:
894 3083 994 3156 licere
1020 3083 1082 3156 boe
1102 3085 1154 3156 die
1181 3085 1245 3158 biis
1270 3085 1321 3157 uti
1345 3085 1492 3176 minime,

317 3244 382 3313 quc
404 3244 469 3316 pro
502 3219 608 3291 salute
637 3217 774 3291 humani
799 3219 931 3314 generis
961 3219 1109 3292 salvater
1138 3220 1284 3292 emnium
1307 3220 1492 3315 patibulum

317 3354 422 3428 erarem
451 3347 666 3427 ascendisset.
724 3354 780 3428 At
806 3348 868 3448 que
901 3355 1021 3446 mulier
1048 3355 1242 3428 subintulit:
1281 3352 1317 3422 si
1344 3349 1416 3422 lu'is
1438 3353 1497 3422 uti

296 3492 388 3558 ‘non
416 3485 565 3586 expedit
573 3492 586 3573 ,'
623 3484 718 3558 unde
745 3488 848 3558 nobis
883 3501 982 3559 tante
1004 3489 1286 3586 presumptionis
1319 3492 1542 3574 ementitas

315 3638 356 3695 ut
382 3652 447 3696 nos
468 3624 712 3720 gravioribus,
747 3625 856 3693 einmo
878 3626 1103 3718 gravissimis
1130 3638 1246 3694 eterne
1272 3623 1492 3724 compeditos

173 3786 216 3830 nr.
229 3787 302 3832 aes-t.
316 3765 441 3849 nroete's
466 3758 697 3860 compedibus
722 3773 928 3832 nostrerum
955 3763 1051 3832 acies
1076 3761 1248 3831 mentalem
1275 3788 1346 3831 non
1372 3759 1494 3832 νίᾶιαί

316 3911 350 3968 et
364 3900 578 3968 immensam
602 3895 665 3967 dei
683 3896 910 3968 elementiam
937 3924 1009 3967 non
1034 3897 1279 3995 aspicimus7)
1307 3909 1342 3966 et
1366 3907 1492 3967 nostra

317 4079 343 4146 1)
362 4079 502 4130 sublimato.
916 4078 943 4146 4)
961 4081 1070 4132 vocavit.

317 4162 344 4230 2)
362 4164 410 4213 Die
422 4164 525 4215 Worte:
551 4163 593 4230 qui
611 4162 707 4214 nullum
730 4163 786 4215 vult
809 4163 891 4231 perire
916 4163 943 4229 5)
961 4182 1103 4232 paraseeve.

266 4310 268 4316 k
315 4247 373 4298 aiod
387 4246 422 4298 im
432 4246 543 4314 Original
559 4246 892 4314 auagelassen,etehenaber
916 4243 942 4313 6)
963 4234 1093 4316 obstipuit.
1478 4268 1484 4281 ¹

316 4332 344 4382 in
360 4331 405 4382 der
420 4331 480 4383 hiat.
491 4331 709 4398 Landgrnviorum
723 4330 768 4382 dea
785 4331 891 4383 strand„
917 4329 943 4399 7)
962 4336 1000 4383 Im
1016 4337 1057 4384 Or.
1070 4335 1155 4386 schlam
1171 4335 1212 4386 die
1229 4337 1336 4388 Wortez
1354 4350 1407 4385 mon
1422 4334 1493 4402 espi-

315 4435 341 4486 p.
356 4413 417 4468 358.
916 4415 1011 4478 cimam
1036 4417 1077 4468 ich
1099 4419 1164 4469 habe
1184 4418 1221 4471 aie
1238 4436 1282 4470 anu
1296 4418 1409 4470 Ekkarrls
1426 4417 1493 4468 Hist.

316 4500 344 4568 3)
362 4497 450 4554 veteri.
917 4500 1148 4566 Landgmrgtnze
1171 4505 1224 4553 Der
1236 4502 1437 4569 folgemde‘l'lreil
1448 4501 1492 4552 dea
