3426 5096
765 212 1012 331 Α,

325 409 449 484 talibus
462 406 625 482 maulim
642 402 805 500 disperiit
858 402 980 497 Sitque
996 402 1129 477 iniectis
1142 402 1335 498 procinetus
1351 404 1496 499 negotiis

325 542 538 640 imperatoris
558 546 719 634 quortoma
740 538 883 615 involuit
904 538 1108 639 intantum,
1134 539 1225 632 quod
1240 538 1394 611 dominus
1410 563 1496 635 popa

327 680 516 752 communes
532 675 568 747 in
588 672 725 749 ecclesia
746 680 809 769 p'ro
832 673 1091 769 imperatoris1)
1112 672 1305 768 longiturna
1324 673 1394 747 uita
1408 697 1496 747 oro·

326 813 436 885 tiones
452 809 644 900 constituit,
669 815 708 882 ut
728 809 785 902 qui
806 815 897 883 terre
920 814 1037 882 soncte'
1053 809 1095 881 od
1115 807 1400 903 recuperationem
1425 776 1495 881 ier·
1521 838 1536 865 κ

325 947 420 1021 uenh'
436 945 546 1019 auimo
560 943 795 1019 uenerabiliter
809 942 950 1033 enituit,
974 942 1163 1038 ipse'etiom
1178 943 1221 1014 ud
1236 944 1495 1016 consummacio-
1527 964 1547 1015 5

326 1105 403 1154 nem
424 1080 570 1155 inchoati
590 1079 720 1176 negocii
744 1101 819 1151 cum
836 1077 1015 1173 superstite
1038 1056 1282 1172 gracia-vitoda
1305 1078 1494 1153 nonoretur.

326 1215 479 1308 &nique
495 1215 673 1288 cardinalis
689 1215 730 1287 ab
741 1214 818 1287 orda
831 1211 996 1308 imperiali
1011 1211 1231 1307 progrediens
1248 1211 1399 1286 diversm
1411 1212 1495 1284 Ale-

327 1350 435 1424 monie
451 1350 603 1425 ciuitates
619 1355 653 1422 et
669 1349 789 1445 oppida
802 1347 1001 1443 ingreditur,
1020 1353 1067 1419 ut'
1077 1347 1170 1421 uerbi
1187 1346 1240 1418 dei
1254 1346 1382 1421 semina
1395 1345 1494 1419 clri-

327 1494 418 1561 sun
434 1485 600 1559 secutoris
618 1489 789 1580 erogaret,
816 1469 989 1574 dubiisque
1006 1489 1041 1555 et
1058 1481 1340 1578 flexibilibus'per
1356 1488 1494 1555 attesta-

325 1623 452 1695 tionem
483 1620 721 1693 mira'eulorum
747 1616 1024 1692 montaureo
1062 1617 1210 1712 dumque
1232 1617 1546 1706 Huscorismdb,ro

326 1754 532 1853 Westpheho
550 1754 728 1845 civitatem,
745 1753 909 1843 visitaret,
927 1753 1067 1827 accessit
1082 1755 1124 1829 od
1134 1755 1287 1826 eundem
1296 1752 1495 1827 cardinalem

325 1898 452 1988 pauper
468 1889 620 1984 quddam,
644 1895 762 1985 petens
781 1890 821 1961 ab
840 1895 963 1978 eo,1ut
981 1890 1060 1962 dato
1082 1890 1179 1985 signo
1201 1888 1306 1962 crucis
1323 1888 1494 1983 inpurum

325 2031 535 2124 peccatorum
554 2048 692 2100 suonrm
715 2023 946 2098 remissionem
968 2026 1074 2098 sancti
1099 2023 1339 2120 ei'procinctus
1362 2022 1493 2095 itineris

324 2164 525 2259 injernge'ret.
578 2159 765 2233 Gudinalis
784 2165 893 2233 autem
919 2162 1063 2233 reducta
1079 2183 1180 2232 manu
1202 2158 1419 2255 illissinopiam
1442 2157 1493 2229 rei

323 2297 498 2372 lamiliuris
516 2294 690 2390 opposuit,
716 2318 890 2386 asserens,
903 2295 965 2368 'eis
982 2318 1110 2368 crucem
1129 2293 1544 2389 concinnitudinis

324 2432 452 2523 utilem,
478 2429 536 2523 qui
553 2430 594 2501 de
610 2429 820 2502 mendicitate
838 2454 899 2502 sus
916 2430 1181 2507 habundantibus
1199 2436 1234 2502 et
1250 2429 1408 2511 diuitibus
1421 2452 1495 2501 mo·

324 2567 402 2640 lesti
432 2566 484 2638 in'
502 2564 623 2659 itinere
653 2570 848 2660 oporterent
860 2567 896 2656 i)
928 2566 1021 2655 fieri,
1052 2567 1193 2660 ideoque
1221 2566 1305 2638 tales
1335 2588 1354 2636 a
1380 2569 1494 2637 sancta

244 2740 247 2747 ·
323 2701 529 2799 proiectione
544 2700 663 2773 dobere
684 2701 813 2775 absolvi
832 2707 867 2773 et
880 2706 1027 2795 'prorsus
1049 2701 1204 2775 inhiberi.
1222 2700 1409 2811 (blendico
1435 2723 1495 2771 au-

322 2845 391 2912 tem
411 2838 578 2913 instanter
601 2836 823 2929 vociferante,
855 2837 1031 2910 cardinalis
1056 2837 1416 2911 misericordia'motus
1443 2840 1495 2907 est

324 2980 529 3068 etporreoto
549 2973 647 3068 signo
666 2975 773 3046 crucis
795 2974 1033 3047 universorum
1056 2973 1184 3046 auctori
1203 2997 1272 3045 non
1295 2971 1394 3045 desiit
1418 2992 1544 3045 eumso

324 3107 547 3196 committere,
573 3113 736 3200 quatenus
754 3115 787 3180 et
803 3115 934 3203 ceptum
950 3109 1016 3181 iter
1032 3109 1206 3205 perliceret
1224 3116 1257 3182 et
1272 3107 1494 3203 redemptoris

323 3241 465 3339 gratim
484 3241 661 3337 optineret.
714 3243 780 3336 Qui
793 3267 968 3339 regressus
982 3245 1025 3316 od
1039 3244 1221 3340 hospitium
1240 3245 1324 3316 dura
1338 3242 1493 3339 possisne

323 3381 460 3472 repento
478 3376 564 3471 cepit
583 3377 734 3470 deiicere,
753 3380 800 3452 ita
819 3380 908 3472 quod
923 3378 1025 3452 morti
1039 3380 1211 3473 proximus
1229 3379 1337 3468 fieret,
1356 3384 1389 3449 et
1405 3376 1492 3451 uiam

253 3618 255 3627 γ
322 3512 480 3588 uniuerso
498 3512 608 3586 cornis
628 3512 769 3588 feliciter
786 3516 940 3591 intrauit
987 3513 1153 3587 Dehmcto
1176 3515 1288 3608 itaque
1304 3515 1410 3610 inope
1422 3512 1498 3607 euig

323 3651 406 3731 tem
430 3649 543 3724 dimna
574 3650 682 3745 pietus
712 3650 889 3724 electionis
922 3650 1056 3746 signum
1088 3650 1262 3741 ostendit,
1292 3656 1330 3722 ut
1365 3655 1545 3721 crucemes

321 3809 422 3861 unam
438 3772 611 3861 candidoni
629 3788 665 3860 in
681 3789 834 3883 pectore,
859 3785 1036 3873 alterumn
1056 3790 1152 3881 tergo
1171 3786 1343 3859 videretur
1361 3784 1493 3857 babere.

324 3921 541 4015 Quoiusigni
561 3922 722 3995 maculo
744 3921 913 4017 percussi,
940 3922 997 4015 qui
1013 3927 1129 4016 presto
1150 3927 1250 3993 erant
1263 3921 1362 3994 etiam
1385 3918 1494 3991 ouci-

323 4053 410 4133 nalis
429 4053 663 4127 desideravere
685 4057 906 4149 presentiam,
931 4079 1038 4149 eoque
1059 4057 1287 4129 ascito-tenta·
1304 4062 1368 4128 est
1380 4053 1427 4127 ibi
1452 4054 1494 4125 de

322 4209 417 4261 eroice
441 4192 556 4263 sancto
573 4187 657 4261 locta
676 4189 885 4282 jocunditas,
911 4182 1029 4284 utqui
1042 4193 1190 4264 indurati
1210 4190 1316 4264 crucis
1334 4190 1496 4265 irrisores

324 4424 347 4487 l)
362 4425 524 4487 imperatore.
921 4423 948 4488 'dl
962 4435 1099 4490 oporteret.

322 4504 348 4572 2)
363 4506 468 4556 lldrter'.
