3422 5094
898 262 920 327 8

323 434 439 509 senior
451 435 488 508 in
503 441 673 509 senectute
686 435 775 507 bona
789 432 877 507 diem
898 432 1016 506 clausit
1031 434 1215 507 orhemum
1229 431 1313 506 Idus
1328 431 1438 525 Junii,
1463 440 1497 507 et

323 571 474 666 sepultam
489 570 728 668 esthiogrmcie
743 569 830 663 apud
846 575 998 642 sanctum
1010 568 1190 661 Albanum,
1204 569 1398 663 relinquens
1413 570 1497 642 dnos
1522 622 1524 626 »

319 705 430 798 lilios,
461 703 679 779 hadewicum
698 704 911 778 fundatorem
925 705 1171 796 Repnersborn
1195 704 1340 795 cenobii,
1375 712 1408 776 et
1429 706 1498 779 Br—
1585 780 1591 789 ,

323 841 514 937 riugerum3
550 841 608 933 qui
626 839 832 936 Beringerus
853 863 894 912 ex
911 840 1112 913 hereditaria
1129 839 1338 913 successione
1355 839 1497 935 Sangir-

322 975 430 1049 husen
448 999 523 1049 cum
541 976 612 1050 suis
627 975 842 1072 pertinenciis
857 974 1163 1049 habundantissime
1180 975 1321 1049 sortitus
1337 982 1406 1066 est,
1437 975 1525 1052 ubis

322 1111 426 1187 eciam
441 1135 601 1208 processu
618 1112 779 1208 temporis
795 1112 910 1182 eodem
927 1111 999 1201 die,
1036 1136 1101 1204 quo
1117 1119 1213 1206 pater
1227 1135 1328 1203 suus,
1356 1112 1437 1183 obiit
1450 1112 1496 1204 1).

324 1246 446 1321 (larris
461 1248 633 1344 deponens
642 1246 826 1336 manubias,
841 1246 1050 1341 magnifieum
1064 1247 1101 1318 iu
1114 1248 1223 1320 medio
1235 1247 1391 1319 ecclcsiae
1401 1270 1497 1318 mau-

323 1380 451 1457 soleum
467 1384 617 1475 inuenit,
650 1384 686 1457 in
711 1402 776 1476 quo
798 1380 1033 1454 retribucionis
1053 1382 1204 1477 ambigue
1228 1383 1264 1454 iu
1286 1381 1401 1455 hrturo
1417 1405 1498 1478 pre-

320 1518 424 1591 mium
440 1518 636 1614 expectauit.
664 1516 768 1613 Cujus
775 1515 1171 1595 dliuscomesGonradus
1187 1516 1496 1610 deHoynsteyn2),

321 1654 444 1747 dequo
462 1677 578 1726 omnes
594 1655 635 1724 de
653 1652 856 1743 Hoynsteyu
873 1652 952 1724 dicti
965 1659 1046 1724 sunt
1059 1651 1237 1747 progeniti.
1288 1651 1490 1725 Ludewicus
1504 1671 1543 1724 ro

322 1810 404 1863 vero
421 1785 543 1880 comes,
569 1787 728 1861 frondator
740 1788 998 1879 Repuershorn,
1019 1812 1079 1883 per
1093 1793 1281 1882 temporum
1295 1788 1498 1861 incrementa

323 1923 508 2000 diviciis-et
526 1930 612 1997 etate
631 1923 830 2020 proficiens,-
858 1923 1093 2019 progenitores
1108 1923 1239 1996 suosin
1256 1922 1346 2007 omni
1366 1944 1499 1995 morum

323 2058 499 2133 honestate
515 2059 658 2134 excessit
676 2060 876 2149 intantum,
909 2066 947 2130 ut
963 2058 1170 2152 captiuorum
1185 2058 1351 2130 diceretur
1364 2058 1497 2129 redem—
1543 2138 1551 2155 x

320 2196 404 2292 ptio,
420 2220 480 2293 pes
492 2196 620 2286 claudo,
637 2219 712 2268 ceco
723 2200 813 2266 esset
823 2193 938 2264 oculus
950 2197 987 2263 et
999 2192 1152 2287 prologis
1160 2193 1365 2266 tutissimum
1374 2193 1496 2285 ubique

321 2331 551 2429 prediceretur
567 2330 708 2420 asylum.
763 2326 922 2419 Quicum
945 2328 1088 2421 quodam
1111 2328 1162 2399 die
1179 2328 1215 2399 in
1238 2328 1417 2401 venacione
1435 2353 1497 2423 po·
1510 2356 1546 2409 15

323 2465 410 2538 situs
430 2470 607 2547 montuosa
627 2484 869 2559 nemorosaque
890 2461 963 2534 loca
979 2452 1086 2555 ¹quam
1106 2463 1249 2558 plurima
1263 2465 1497 2558 perlustraret,

324 2600 366 2707 ad
382 2604 547 2689 montem,
583 2598 641 2692 qui
656 2598 836 2693 Wartberg
851 2596 990 2688 dicitur,
1016 2597 1176 2692 renim),
1204 2602 1320 2690 quem,
1346 2583 1409 2695 pro
1426 2600 1498 2672 edi-

321 2722 479 2817 ficacione
496 2734 599 2807 'castri
615 2728 688 2807 cum
704 2732 897 2830 aptissimus
912 2734 1096 2824 uideretur,
1122 2733 1306 2806 studiosius
1321 2736 1498 2810 adamavit.

320 2870 523 2947 Procurauit
546 2870 658 2965 itaque
685 2877 887 2943 memoratus
915 2893 1046 2960 comes,
1081 2893 1154 2941 eum
1176 2871 1247 2965 jam
1271 2871 1377 2945 dictus
1398 2895 1495 2944 mons

322 3010 397 3104 ejus
412 3005 534 3095 dicioni
551 3007 719 3100 subjectus
733 3030 804 3077 non
822 3013 929 3097 esset,
964 3007 1053 3099 quod
1067 3012 1199 3078 terram
1211 3006 1247 3078 in
1267 3030 1327 3079 sua
1342 3008 1546 3103 proprie-ao

321 3147 389 3214 tate
412 3126 548 3212 effosam
563 3140 712 3234 ejusdem
726 3139 850 3213 montis
868 3140 1047 3214 verticibus
1057 3143 1096 3234 4)
1113 3116 1370 3236 superferretur.
1426 3143 1498 3236 Quo
1519 3140 1525 3153 ’

322 3276 428 3366 facto,
460 3276 640 3372 assumptis
657 3275 728 3348 XII
742 3275 923 3382 militibus,
957 3277 1028 3350 XII
1042 3279 1153 3349 nudos
1171 3276 1299 3372 gladios
1317 3277 1342 3368 (’
1368 3277 1382 3372 )
1404 3303 1499 3350 cacu-

322 3435 399 3486 men
411 3398 660 3505 montibusque
678 3412 828 3507 capulum
844 3413 987 3509 infigens
1000 3413 1036 3509 5)
1054 3413 1183 3509 juravit
1200 3437 1274 3485 cum
1294 3412 1391 3487 dictis
1408 3414 1499 3487 mili-

323 3551 433 3641 tibus,
465 3538 591 3623 terram
618 3537 703 3622 hanc
720 3549 919 3644 proprietati
934 3542 993 3623 sue
1010 3549 1075 3622 sibi
1097 3549 1285 3645 pertinere,
1321 3551 1421 3624 etsie
1441 3575 1497 3624 ca-

323 3787 368 3838 des
394 3786 511 3839 Monotes
536 3783 588 3835 und
610 3785 692 3851 Tages
715 3782 796 3835 seim
813 3785 898 3836 Todes
925 3784 950 3849 1)
968 3786 1003 3834 Ει
1019 3801 1069 3834 war
1090 3783 1278 3835 mit-Gertrude
1292 3803 1342 3835 von
1355 3785 1498 3835 Kathalen-

323 3871 357 3921 ist
374 3870 438 3920 eben
461 3887 490 3921 ao
508 3870 602 3920 faloch:
630 3868 735 3936 Ludwig
761 3887 811 3920 war
834 3870 898 3920 nach
923 3868 986 3935 burg
998 3868 1175 3919 verheirathet.
1209 3871 1272 3919 Was
1287 3869 1340 3919 sein
1357 3869 1498 3934 Todesjahr

324 3954 412 4021 Speier
425 3971 481 4004 zum
492 3953 641 4020 Begriibnil’s
654 3953 897 4005 deaKaisersHein-
922 3952 1034 4015 hetrifll,
1059 3953 1129 4003 weiss
1146 3970 1204 4002 man
1221 3971 1284 4017 nur,
1309 3952 1366 4002 clais
1384 3972 1412 4004 er
1427 3955 1461 4003 im
1475 3956 1497 4006 J.

323 4037 420 4089 richilt
435 4038 527 4103 gereist
541 4037 593 4087 und
601 4037 669 4088 atarb
685 4038 732 4086 auf
751 4038 796 4088 der
812 4038 898 4091 fleck-
924 4034 991 4088 1110
1005 4037 1076 4088 nicht
1091 4037 1162 4088 mehr
1178 4036 1262 4103 gelebt
1277 4037 1330 4086 hat.

323 4121 386 4173 raiae
400 4121 528 4171 zuMainz.
562 4121 766 4187 DieBeisetzung
780 4121 824 4171 dea
839 4121 896 4171 kai-
921 4120 948 4186 ‘ll
967 4140 1007 4171 am
1029 4124 1110 4173 Harae
1142 4122 1265 4189 gelegen,
1298 4119 1415 4171 ndrdlieh
1446 4138 1497 4172 uou

323 4205 445 4257 oerliohen
467 4205 615 4256 Leichnams
632 4223 663 4255 zu
684 4205 771 4271 Speiar
789 4205 898 4271 geachah
923 4206 1097 4256 Nordhausen.

323 4307 364 4341 am
390 4287 432 4341 28.
457 4289 570 4341 Oktober
597 4284 679 4350 1056,
710 4290 741 4354 (a.
769 4289 896 4339 Lambert.
921 4287 949 4354 3)
966 4289 1070 4339 invenit.

323 4375 408 4425 Heras.
425 4391 456 4424 zu
472 4373 566 4426 diesem
580 4373 678 4437 labro),
704 4371 811 4437 folglieh
834 4373 897 4422 wird
920 4372 947 4436 4)
966 4372 1115 4424 vertucibus.

322 4459 368 4510 dar
381 4459 508 4526 Todeotag
522 4458 567 4508 deo
582 4457 678 4506 Graien
690 4455 795 4522 Ludwig
806 4456 833 4505 in
847 4456 896 4505 deri
921 4456 947 4522 ὁ)
966 4456 1095 4523 intingens.

322 4539 894 4610 uotmgttovombergesatzewerdenmtirson.

1666 418 1672 445 ι

1656 472 1668 511 d
