<?xml version="1.0" encoding="UTF-8"?>
<!DOCTYPE html PUBLIC "-//W3C//DTD XHTML 1.0 Transitional//EN"
    "http://www.w3.org/TR/xhtml1/DTD/xhtml1-transitional.dtd">
<html xmlns="http://www.w3.org/1999/xhtml" xml:lang="en" lang="en">
 <head>
  <title>
</title>
<meta http-equiv="Content-Type" content="text/html;charset=utf-8" />
  <meta name='ocr-system' content='tesseract 3.04.00' />
  <meta name='ocr-capabilities' content='ocr_page ocr_carea ocr_par ocr_line ocrx_word'/>
</head>
<body>
  <div class='ocr_page' id='page_1' title='image "annalesreinhard00germgoog_0113.png"; bbox 0 0 3426 5096; ppageno 0'>
   <div class='ocr_carea' id='block_1_1' title="bbox 794 256 836 324">
    <p class='ocr_par' dir='ltr' id='par_1_1' title="bbox 794 256 836 324">
     <span class='ocr_line' id='line_1_1' title="bbox 794 256 836 324; baseline -0.024 0"><span class='ocrx_word' id='word_1_1' title='bbox 794 256 836 324; x_wconf 80' lang='lat'>69</span> 
     </span>
    </p>
   </div>
   <div class='ocr_carea' id='block_1_2' title="bbox 223 392 1396 663">
    <p class='ocr_par' dir='ltr' id='par_1_2' title="bbox 223 392 1396 663">
     <span class='ocr_line' id='line_1_2' title="bbox 225 392 1396 529; baseline -0.002 -24"><span class='ocrx_word' id='word_1_2' title='bbox 225 434 417 529; x_wconf 75' lang='lat' dir='ltr'>longiturna</span> <span class='ocrx_word' id='word_1_3' title='bbox 434 432 580 526; x_wconf 90' lang='lat' dir='ltr'>suspiria</span> <span class='ocrx_word' id='word_1_4' title='bbox 595 426 816 506; x_wconf 84' lang='lat' dir='ltr'>nouissimum</span> <span class='ocrx_word' id='word_1_5' title='bbox 832 429 986 525; x_wconf 85' lang='lat' dir='ltr'>spiritum</span> <span class='ocrx_word' id='word_1_6' title='bbox 1004 431 1114 504; x_wconf 90' lang='lat' dir='ltr'>emisit</span> <span class='ocrx_word' id='word_1_7' title='bbox 1127 392 1171 522; x_wconf 87' lang='grc'>1).</span> <span class='ocrx_word' id='word_1_8' title='bbox 1206 431 1326 505; x_wconf 88' lang='lat' dir='ltr'>Adbuc</span> <span class='ocrx_word' id='word_1_9' title='bbox 1340 438 1396 503; x_wconf 59' lang='lat' dir='ltr'>ta*-</span> 
     </span>
     <span class='ocr_line' id='line_1_3' title="bbox 223 560 1395 663; baseline -0.002 -24"><span class='ocrx_word' id='word_1_10' title='bbox 223 591 299 639; x_wconf 88' lang='lat' dir='ltr'>men</span> <span class='ocrx_word' id='word_1_11' title='bbox 322 560 666 663; x_wconf 82' lang='lat' dir='ltr'>palpitantecorpore</span> <span class='ocrx_word' id='word_1_12' title='bbox 693 573 761 639; x_wconf 91' lang='lat' dir='ltr'>tam</span> <span class='ocrx_word' id='word_1_13' title='bbox 785 565 939 638; x_wconf 90' lang='lat' dir='ltr'>immanis</span> <span class='ocrx_word' id='word_1_14' title='bbox 966 572 999 637; x_wconf 87' lang='lat' dir='ltr'>et</span> <span class='ocrx_word' id='word_1_15' title='bbox 1025 565 1228 638; x_wconf 88' lang='lat' dir='ltr'>incredibilis</span> <span class='ocrx_word' id='word_1_16' title='bbox 1255 566 1303 638; x_wconf 91' lang='lat' dir='ltr'>de</span> <span class='ocrx_word' id='word_1_17' title='bbox 1320 567 1395 661; x_wconf 89' lang='lat' dir='ltr'>ipso</span> 
     </span>
    </p>
   </div>
   <div class='ocr_carea' id='block_1_3' title="bbox 115 700 1492 4425">
    <p class='ocr_par' dir='ltr' id='par_1_3' title="bbox 166 700 1492 2417">
     <span class='ocr_line' id='line_1_4' title="bbox 223 700 1395 797; baseline 0.001 -24"><span class='ocrx_word' id='word_1_18' title='bbox 223 720 362 797; x_wconf 88' lang='lat' dir='ltr'>corpore</span> <span class='ocrx_word' id='word_1_19' title='bbox 377 702 473 775; x_wconf 71' lang='lat' dir='ltr'>&#39;fetor</span> <span class='ocrx_word' id='word_1_20' title='bbox 488 703 617 797; x_wconf 85' lang='lat' dir='ltr'>erupit,</span> <span class='ocrx_word' id='word_1_21' title='bbox 642 707 682 772; x_wconf 87' lang='lat' dir='ltr'>ut</span> <span class='ocrx_word' id='word_1_22' title='bbox 697 700 840 796; x_wconf 69' lang='lat' dir='ltr'>proximi</span> <span class='ocrx_word' id='word_1_23' title='bbox 857 706 892 772; x_wconf 83' lang='lat' dir='ltr'>et</span> <span class='ocrx_word' id='word_1_24' title='bbox 908 701 981 772; x_wconf 92' lang='lat' dir='ltr'>noti</span> <span class='ocrx_word' id='word_1_25' title='bbox 999 701 1052 772; x_wconf 80' lang='lat' dir='ltr'>sori</span> <span class='ocrx_word' id='word_1_26' title='bbox 1069 700 1179 795; x_wconf 92' lang='lat' dir='ltr'>ipsum</span> <span class='ocrx_word' id='word_1_27' title='bbox 1198 723 1395 795; x_wconf 73' lang='lat' dir='ltr'>corpuscu-</span> 
     </span>
     <span class='ocr_line' id='line_1_5' title="bbox 221 828 1394 930; baseline -0.001 -21"><span class='ocrx_word' id='word_1_28' title='bbox 221 839 329 910; x_wconf 88' lang='lat' dir='ltr'>anime</span> <span class='ocrx_word' id='word_1_29' title='bbox 351 840 547 910; x_wconf 76' lang='lat' dir='ltr'>desererent</span> <span class='ocrx_word' id='word_1_30' title='bbox 570 844 603 909; x_wconf 84' lang='lat' dir='ltr'>et</span> <span class='ocrx_word' id='word_1_31' title='bbox 624 836 758 909; x_wconf 90' lang='lat' dir='ltr'>minime</span> <span class='ocrx_word' id='word_1_32' title='bbox 784 828 1259 930; x_wconf 76' lang='lat' dir='ltr'>appropiareeipotuissent</span> <span class='ocrx_word' id='word_1_33' title='bbox 1281 892 1286 898; x_wconf 85' lang='lat'><em>.</em></span> <span class='ocrx_word' id='word_1_34' title='bbox 1309 835 1394 908; x_wconf 51' lang='lat' dir='ltr'>¹Indo</span> 
     </span>
     <span class='ocr_line' id='line_1_6' title="bbox 191 964 1396 1067; baseline 0.001 -23"><span class='ocrx_word' id='word_1_35' title='bbox 191 993 210 1044; x_wconf 78' lang='lat' dir='ltr'>a</span> <span class='ocrx_word' id='word_1_36' title='bbox 223 980 327 1046; x_wconf 87' lang='lat' dir='ltr'>tracta</span> <span class='ocrx_word' id='word_1_37' title='bbox 345 980 497 1045; x_wconf 81' lang='lat' dir='ltr'>recenter</span> <span class='ocrx_word' id='word_1_38' title='bbox 511 973 609 1046; x_wconf 84' lang='lat' dir='ltr'>bovis</span> <span class='ocrx_word' id='word_1_39' title='bbox 625 971 715 1067; x_wconf 85' lang='lat' dir='ltr'>pelle</span> <span class='ocrx_word' id='word_1_40' title='bbox 726 971 874 1043; x_wconf 76' lang='lat' dir='ltr'>insutum</span> <span class='ocrx_word' id='word_1_41' title='bbox 889 964 1009 1065; x_wconf 84' lang='lat' dir='ltr'>corpus</span> <span class='ocrx_word' id='word_1_42' title='bbox 1023 970 1164 1051; x_wconf 78' lang='lat' dir='ltr'>fetorem</span> <span class='ocrx_word' id='word_1_43' title='bbox 1179 970 1289 1066; x_wconf 86' lang='lat' dir='ltr'>ipsum</span> <span class='ocrx_word' id='word_1_44' title='bbox 1306 968 1396 1045; x_wconf 77' lang='lat' dir='ltr'>ononi</span> 
     </span>
     <span class='ocr_line' id='line_1_7' title="bbox 195 1105 1394 1202; baseline -0.002 -24"><span class='ocrx_word' id='word_1_45' title='bbox 195 1107 343 1202; x_wconf 62' lang='lat' dir='ltr'>»judicio</span> <span class='ocrx_word' id='word_1_46' title='bbox 368 1108 607 1202; x_wconf 90' lang='lat' dir='ltr'>multiplicabat</span> <span class='ocrx_word' id='word_1_47' title='bbox 632 1107 866 1201; x_wconf 87' lang='lat' dir='ltr'>potiusquam</span> <span class='ocrx_word' id='word_1_48' title='bbox 893 1105 1394 1197; x_wconf 61' lang='lat' dir='ltr'>minuerc‘sentiretur,xundo</span> 
     </span>
     <span class='ocr_line' id='line_1_8' title="bbox 219 1240 1393 1339; baseline -0.002 -25"><span class='ocrx_word' id='word_1_49' title='bbox 219 1242 420 1337; x_wconf 88' lang='lat' dir='ltr'>superducta</span> <span class='ocrx_word' id='word_1_50' title='bbox 441 1244 547 1315; x_wconf 87' lang='lat' dir='ltr'>adhuc</span> <span class='ocrx_word' id='word_1_51' title='bbox 567 1243 778 1339; x_wconf 89' lang='lat' dir='ltr'>pellealtera</span> <span class='ocrx_word' id='word_1_52' title='bbox 795 1240 947 1334; x_wconf 86' lang='lat' dir='ltr'>factoque</span> <span class='ocrx_word' id='word_1_53' title='bbox 960 1244 1005 1334; x_wconf 59' lang='grc'>2)»</span> <span class='ocrx_word' id='word_1_54' title='bbox 1019 1243 1060 1312; x_wconf 89' lang='lat' dir='ltr'>de</span> <span class='ocrx_word' id='word_1_55' title='bbox 1073 1241 1261 1328; x_wconf 88' lang='lat' dir='ltr'>subtilibus</span> <span class='ocrx_word' id='word_1_56' title='bbox 1281 1240 1393 1335; x_wconf 81' lang='lat' dir='ltr'>ligno-</span> 
     </span>
     <span class='ocr_line' id='line_1_9' title="bbox 219 1374 1392 1473; baseline -0.003 -24"><span class='ocrx_word' id='word_1_57' title='bbox 219 1401 294 1449; x_wconf 87' lang='lat' dir='ltr'>rum</span> <span class='ocrx_word' id='word_1_58' title='bbox 305 1374 474 1472; x_wconf 87' lang='lat' dir='ltr'>juncturis</span> <span class='ocrx_word' id='word_1_59' title='bbox 490 1378 690 1473; x_wconf 89' lang='lat' dir='ltr'>repositorio</span> <span class='ocrx_word' id='word_1_60' title='bbox 707 1384 805 1470; x_wconf 88' lang='lat' dir='ltr'>atquc</span> <span class='ocrx_word' id='word_1_61' title='bbox 820 1377 1043 1472; x_wconf 65' lang='lat' dir='ltr'>juncturis‘et</span> <span class='ocrx_word' id='word_1_62' title='bbox 1058 1376 1189 1449; x_wconf 81' lang='lat' dir='ltr'>rimrrlis</span> <span class='ocrx_word' id='word_1_63' title='bbox 1209 1374 1392 1468; x_wconf 85' lang='lat' dir='ltr'>deliquela-</span> 
     </span>
     <span class='ocr_line' id='line_1_10' title="bbox 219 1511 1492 1608; baseline 0.005 -25"><span class='ocrx_word' id='word_1_64' title='bbox 219 1514 270 1583; x_wconf 85' lang='lat' dir='ltr'>cta</span> <span class='ocrx_word' id='word_1_65' title='bbox 282 1512 353 1605; x_wconf 92' lang='lat' dir='ltr'>pice</span> <span class='ocrx_word' id='word_1_66' title='bbox 365 1513 401 1602; x_wconf 74' lang='grc'>3)</span> <span class='ocrx_word' id='word_1_67' title='bbox 415 1511 511 1584; x_wconf 80' lang='lat' dir='ltr'>illitis</span> <span class='ocrx_word' id='word_1_68' title='bbox 523 1512 788 1608; x_wconf 84' lang='lat' dir='ltr'>pellifetoripsc</span> <span class='ocrx_word' id='word_1_69' title='bbox 803 1514 1009 1607; x_wconf 82' lang='lat' dir='ltr'>sperabatur.</span> <span class='ocrx_word' id='word_1_70' title='bbox 1038 1511 1108 1584; x_wconf 87' lang='lat' dir='ltr'>Sed</span> <span class='ocrx_word' id='word_1_71' title='bbox 1118 1511 1298 1602; x_wconf 86' lang='lat' dir='ltr'>incassum,</span> <span class='ocrx_word' id='word_1_72' title='bbox 1315 1511 1392 1602; x_wconf 87' lang='lat' dir='ltr'>quia</span> <span class='ocrx_word' id='word_1_73' title='bbox 1489 1580 1492 1589; x_wconf 92' lang='lat'><em>.</em></span> 
     </span>
     <span class='ocr_line' id='line_1_11' title="bbox 169 1641 1391 1743; baseline 0.005 -32"><span class='ocrx_word' id='word_1_74' title='bbox 169 1658 208 1711; x_wconf 80' lang='lat' dir='ltr'>ro</span> <span class='ocrx_word' id='word_1_75' title='bbox 219 1641 307 1718; x_wconf 91' lang='lat' dir='ltr'>unde</span> <span class='ocrx_word' id='word_1_76' title='bbox 323 1649 502 1742; x_wconf 87' lang='lat' dir='ltr'>putabatur</span> <span class='ocrx_word' id='word_1_77' title='bbox 518 1647 608 1720; x_wconf 84' lang='lat' dir='ltr'>letor</span> <span class='ocrx_word' id='word_1_78' title='bbox 624 1648 774 1743; x_wconf 78' lang='lat' dir='ltr'>reprimi,</span> <span class='ocrx_word' id='word_1_79' title='bbox 785 1702 788 1707; x_wconf 83' lang='lat'>-</span> <span class='ocrx_word' id='word_1_80' title='bbox 799 1646 877 1718; x_wconf 87' lang='lat' dir='ltr'>inde</span> <span class='ocrx_word' id='word_1_81' title='bbox 896 1648 984 1741; x_wconf 89' lang='lat' dir='ltr'>cepit·</span> <span class='ocrx_word' id='word_1_82' title='bbox 1000 1646 1284 1742; x_wconf 77' lang='lat' dir='ltr'>amplius-augeri.</span> <span class='ocrx_word' id='word_1_83' title='bbox 1319 1644 1391 1717; x_wconf 83' lang='lat' dir='ltr'>Dc-</span> 
     </span>
     <span class='ocr_line' id='line_1_12' title="bbox 216 1777 1391 1878; baseline 0.001 -25"><span class='ocrx_word' id='word_1_84' title='bbox 216 1782 318 1875; x_wconf 86' lang='lat' dir='ltr'>nique</span> <span class='ocrx_word' id='word_1_85' title='bbox 342 1788 421 1877; x_wconf 80' lang='lat' dir='ltr'>post</span> <span class='ocrx_word' id='word_1_86' title='bbox 446 1781 616 1858; x_wconf 87' lang='lat' dir='ltr'>horrenda·</span> <span class='ocrx_word' id='word_1_87' title='bbox 638 1782 723 1854; x_wconf 88' lang='lat' dir='ltr'>tanti</span> <span class='ocrx_word' id='word_1_88' title='bbox 750 1777 869 1854; x_wconf 83' lang='lat' dir='ltr'>fetoris</span> <span class='ocrx_word' id='word_1_89' title='bbox 895 1782 1034 1876; x_wconf 68' lang='lat' dir='ltr'>ppacula</span> <span class='ocrx_word' id='word_1_90' title='bbox 1063 1783 1213 1878; x_wconf 89' lang='lat' dir='ltr'>ejusdcm</span> <span class='ocrx_word' id='word_1_91' title='bbox 1226 1781 1391 1876; x_wconf 81' lang='lat' dir='ltr'>corporis</span> 
     </span>
     <span class='ocr_line' id='line_1_13' title="bbox 215 1916 1390 2014; baseline 0.001 -26"><span class='ocrx_word' id='word_1_92' title='bbox 215 1917 333 1991; x_wconf 79' lang='lat' dir='ltr'>exuvie</span> <span class='ocrx_word' id='word_1_93' title='bbox 355 1917 514 1989; x_wconf 84' lang='lat' dir='ltr'>adoram</span> <span class='ocrx_word' id='word_1_94' title='bbox 541 1916 709 2014; x_wconf 76' lang='lat' dir='ltr'>sepulchri</span> <span class='ocrx_word' id='word_1_95' title='bbox 736 1916 841 1989; x_wconf 90' lang='lat' dir='ltr'>delate</span> <span class='ocrx_word' id='word_1_96' title='bbox 856 1922 965 2006; x_wconf 84' lang='lat' dir='ltr'>sunt,</span> <span class='ocrx_word' id='word_1_97' title='bbox 998 1917 1064 1988; x_wconf 53' lang='lat' dir='ltr'>ubi&gt;</span> <span class='ocrx_word' id='word_1_98' title='bbox 1077 1918 1221 1990; x_wconf 87' lang='lat' dir='ltr'>lamenta</span> <span class='ocrx_word' id='word_1_99' title='bbox 1247 1917 1390 1990; x_wconf 75' lang='lat' dir='ltr'>erbibita</span> 
     </span>
     <span class='ocr_line' id='line_1_14' title="bbox 214 2050 1390 2149; baseline -0.002 -24"><span class='ocrx_word' id='word_1_100' title='bbox 214 2059 294 2125; x_wconf 89' lang='lat' dir='ltr'>sunt</span> <span class='ocrx_word' id='word_1_101' title='bbox 308 2052 444 2149; x_wconf 75' lang='lat' dir='ltr'>borroni</span> <span class='ocrx_word' id='word_1_102' title='bbox 463 2052 613 2147; x_wconf 88' lang='lat' dir='ltr'>ejusdem</span> <span class='ocrx_word' id='word_1_103' title='bbox 629 2051 791 2146; x_wconf 87' lang='lat' dir='ltr'>principis</span> <span class='ocrx_word' id='word_1_104' title='bbox 810 2050 945 2147; x_wconf 84' lang='lat' dir='ltr'>(magis)</span> <span class='ocrx_word' id='word_1_105' title='bbox 968 2074 1067 2144; x_wconf 88' lang='lat' dir='ltr'>quam</span> <span class='ocrx_word' id='word_1_106' title='bbox 1083 2052 1195 2123; x_wconf 90' lang='lat' dir='ltr'>morti.</span> <span class='ocrx_word' id='word_1_107' title='bbox 1208 2052 1390 2125; x_wconf 71' lang='lat' dir='ltr'>..Theode-</span> 
     </span>
     <span class='ocr_line' id='line_1_15' title="bbox 213 2156 1390 2281; baseline -0.002 -21"><span class='ocrx_word' id='word_1_108' title='bbox 213 2188 302 2260; x_wconf 86' lang='lat' dir='ltr'>ricus</span> <span class='ocrx_word' id='word_1_109' title='bbox 321 2195 431 2259; x_wconf 86' lang='lat' dir='ltr'>autem</span> <span class='ocrx_word' id='word_1_110' title='bbox 448 2211 575 2277; x_wconf 90' lang='lat' dir='ltr'>comes,</span> <span class='ocrx_word' id='word_1_111' title='bbox 602 2185 721 2258; x_wconf 78' lang='lat' dir='ltr'>nater</span> <span class='ocrx_word' id='word_1_112' title='bbox 729 2186 855 2258; x_wconf 85' lang='lat' dir='ltr'>mortui</span> <span class='ocrx_word' id='word_1_113' title='bbox 869 2156 1089 2277; x_wconf 83' lang='lat' dir='ltr'>marchionis,</span> <span class='ocrx_word' id='word_1_114' title='bbox 1114 2186 1315 2281; x_wconf 80' lang='lat' dir='ltr'>principatu</span> <span class='ocrx_word' id='word_1_115' title='bbox 1318 2185 1390 2258; x_wconf 88' lang='lat' dir='ltr'>lra-</span> 
     </span>
     <span class='ocr_line' id='line_1_16' title="bbox 166 2322 1225 2417; baseline 0.001 -24"><span class='ocrx_word' id='word_1_116' title='bbox 166 2327 311 2397; x_wconf 82' lang='lat' dir='ltr'>15terno</span> <span class='ocrx_word' id='word_1_117' title='bbox 338 2347 442 2417; x_wconf 88' lang='lat' dir='ltr'>usque</span> <span class='ocrx_word' id='word_1_118' title='bbox 468 2324 504 2395; x_wconf 90' lang='lat' dir='ltr'>in</span> <span class='ocrx_word' id='word_1_119' title='bbox 530 2322 729 2395; x_wconf 88' lang='lat' dir='ltr'>hodiernum</span> <span class='ocrx_word' id='word_1_120' title='bbox 754 2322 907 2417; x_wconf 83' lang='lat' dir='ltr'>privatus</span> <span class='ocrx_word' id='word_1_121' title='bbox 934 2329 996 2400; x_wconf 88' lang='lat' dir='ltr'>est</span> <span class='ocrx_word' id='word_1_122' title='bbox 1072 2380 1085 2385; x_wconf 74' lang='grc'>.-</span> <span class='ocrx_word' id='word_1_123' title='bbox 1218 2360 1225 2371; x_wconf 77' lang='lat'><em>,</em></span> 
     </span>
    </p>

    <p class='ocr_par' dir='ltr' id='par_1_4' title="bbox 211 2380 1389 2963">
     <span class='ocr_line' id='line_1_17' title="bbox 313 2380 1389 2552; baseline 0 -21"><span class='ocrx_word' id='word_1_124' title='bbox 313 2457 414 2531; x_wconf 84' lang='lat' dir='ltr'>Anno</span> <span class='ocrx_word' id='word_1_125' title='bbox 427 2457 569 2531; x_wconf 82' lang='lat' dir='ltr'>llomini</span> <span class='ocrx_word' id='word_1_126' title='bbox 589 2458 636 2549; x_wconf 99' lang='grc' dir='ltr'><strong>Μ</strong></span> <span class='ocrx_word' id='word_1_127' title='bbox 639 2456 807 2530; x_wconf 74' lang='lat' dir='ltr'>cxcvll</span> <span class='ocrx_word' id='word_1_128' title='bbox 817 2459 855 2548; x_wconf 83' lang='lat'>4)</span> <span class='ocrx_word' id='word_1_129' title='bbox 877 2457 1052 2530; x_wconf 86' lang='lat' dir='ltr'>Romanus</span> <span class='ocrx_word' id='word_1_130' title='bbox 1076 2456 1225 2552; x_wconf 78' lang='lat' dir='ltr'>pontifex</span> <span class='ocrx_word' id='word_1_131' title='bbox 1245 2380 1389 2531; x_wconf 69' lang='lat' dir='ltr'>celem-</span> 
     </span>
     <span class='ocr_line' id='line_1_18' title="bbox 211 2590 1388 2688; baseline 0 -24"><span class='ocrx_word' id='word_1_132' title='bbox 211 2616 276 2665; x_wconf 88' lang='lat' dir='ltr'>nus</span> <span class='ocrx_word' id='word_1_133' title='bbox 290 2596 344 2683; x_wconf 86' lang='lat'>⁵),</span> <span class='ocrx_word' id='word_1_134' title='bbox 370 2594 519 2665; x_wconf 84' lang='lat' dir='ltr'>sinistris</span> <span class='ocrx_word' id='word_1_135' title='bbox 542 2594 581 2664; x_wconf 92' lang='lat' dir='ltr'>de</span> <span class='ocrx_word' id='word_1_136' title='bbox 597 2592 723 2688; x_wconf 81' lang='lat' dir='ltr'>Apulia</span> <span class='ocrx_word' id='word_1_137' title='bbox 742 2593 904 2665; x_wconf 86' lang='lat' dir='ltr'>excitatus</span> <span class='ocrx_word' id='word_1_138' title='bbox 922 2590 1232 2687; x_wconf 78' lang='lat' dir='ltr'>nunctiis,et1pse</span> <span class='ocrx_word' id='word_1_139' title='bbox 1255 2615 1388 2686; x_wconf 82' lang='lat' dir='ltr'>quoque</span> 
     </span>
     <span class='ocr_line' id='line_1_19' title="bbox 213 2726 1388 2820; baseline 0.001 -22"><span class='ocrx_word' id='word_1_140' title='bbox 213 2747 315 2820; x_wconf 90' lang='lat' dir='ltr'>super</span> <span class='ocrx_word' id='word_1_141' title='bbox 332 2727 546 2819; x_wconf 87' lang='lat' dir='ltr'>dispellendo·</span> <span class='ocrx_word' id='word_1_142' title='bbox 555 2726 721 2797; x_wconf 89' lang='lat' dir='ltr'>mendacii·</span> <span class='ocrx_word' id='word_1_143' title='bbox 736 2727 858 2819; x_wconf 86' lang='lat' dir='ltr'>spiritu</span> <span class='ocrx_word' id='word_1_144' title='bbox 872 2727 1032 2820; x_wconf 87' lang='lat' dir='ltr'>spiritum</span> <span class='ocrx_word' id='word_1_145' title='bbox 1042 2726 1196 2809; x_wconf 81' lang='lat' dir='ltr'>veritatis</span> <span class='ocrx_word' id='word_1_146' title='bbox 1212 2727 1388 2820; x_wconf 78' lang='lat' dir='ltr'>accipiens,</span> 
     </span>
     <span class='ocr_line' id='line_1_20' title="bbox 211 2844 1389 2963; baseline -0.001 -32"><span class='ocrx_word' id='word_1_147' title='bbox 211 2858 325 2932; x_wconf 87' lang='lat' dir='ltr'>missis</span> <span class='ocrx_word' id='word_1_148' title='bbox 343 2859 502 2953; x_wconf 88' lang='lat' dir='ltr'>apicibus,</span> <span class='ocrx_word' id='word_1_149' title='bbox 528 2858 703 2930; x_wconf 86' lang='lat' dir='ltr'>destinatis</span> <span class='ocrx_word' id='word_1_150' title='bbox 720 2859 762 2929; x_wconf 89' lang='lat' dir='ltr'>ad</span> <span class='ocrx_word' id='word_1_151' title='bbox 779 2859 943 2951; x_wconf 86' lang='lat' dir='ltr'>hocopus</span> <span class='ocrx_word' id='word_1_152' title='bbox 963 2844 1196 2946; x_wconf 75' lang='lat' dir='ltr'>cardinalibus,</span> <span class='ocrx_word' id='word_1_153' title='bbox 1223 2859 1268 2928; x_wconf 69' lang='lat' dir='ltr'>dc¹</span> <span class='ocrx_word' id='word_1_154' title='bbox 1279 2858 1389 2963; x_wconf 82' lang='lat' dir='ltr'>inter-</span> 
     </span>
    </p>

    <p class='ocr_par' dir='ltr' id='par_1_5' title="bbox 161 2983 1387 3632">
     <span class='ocr_line' id='line_1_21' title="bbox 161 2983 1387 3087; baseline -0.004 -16"><span class='ocrx_word' id='word_1_155' title='bbox 161 2983 355 3071; x_wconf 72' lang='lat' dir='ltr'>ao&#39;feetione</span> <span class='ocrx_word' id='word_1_156' title='bbox 379 2993 588 3087; x_wconf 83' lang='lat' dir='ltr'>quorundam</span> <span class='ocrx_word' id='word_1_157' title='bbox 605 2993 758 3085; x_wconf 83' lang='lat' dir='ltr'>&#39;liliorum</span> <span class='ocrx_word' id='word_1_158' title='bbox 778 2992 928 3065; x_wconf 87' lang='lat' dir='ltr'>Saladini</span> <span class='ocrx_word' id='word_1_159' title='bbox 952 3017 1025 3065; x_wconf 91' lang='lat' dir='ltr'>cum</span> <span class='ocrx_word' id='word_1_160' title='bbox 1048 2992 1232 3065; x_wconf 83' lang='lat' dir='ltr'>indubitata</span> <span class='ocrx_word' id='word_1_161' title='bbox 1242 2995 1277 3083; x_wconf 78' lang='lat'>⁶.)</span> <span class='ocrx_word' id='word_1_162' title='bbox 1305 2993 1387 3066; x_wconf 80' lang='lat' dir='ltr'>alie-</span> 
     </span>
     <span class='ocr_line' id='line_1_22' title="bbox 212 3118 1386 3220; baseline -0.003 -17"><span class='ocrx_word' id='word_1_163' title='bbox 212 3131 319 3203; x_wconf 87' lang='lat' dir='ltr'>ctione</span> <span class='ocrx_word' id='word_1_164' title='bbox 344 3130 533 3205; x_wconf 75' lang='lat' dir='ltr'>uniuersos</span> <span class='ocrx_word' id='word_1_165' title='bbox 550 3136 660 3202; x_wconf 88' lang='lat' dir='ltr'>certos</span> <span class='ocrx_word' id='word_1_166' title='bbox 681 3118 848 3219; x_wconf 74' lang='lat' dir='ltr'>reducit,</span> <span class='ocrx_word' id='word_1_167' title='bbox 882 3128 1106 3220; x_wconf 85' lang='lat' dir='ltr'>quomodoet</span> <span class='ocrx_word' id='word_1_168' title='bbox 1133 3127 1184 3199; x_wconf 91' lang='lat' dir='ltr'>illi</span> <span class='ocrx_word' id='word_1_169' title='bbox 1211 3127 1335 3200; x_wconf 89' lang='lat' dir='ltr'>mutuis</span> <span class='ocrx_word' id='word_1_170' title='bbox 1349 3131 1386 3219; x_wconf 76' lang='grc'>7)</span> 
     </span>
     <span class='ocr_line' id='line_1_23' title="bbox 209 3264 1386 3359; baseline -0.002 -19"><span class='ocrx_word' id='word_1_171' title='bbox 209 3265 406 3340; x_wconf 80' lang='lat' dir='ltr'>uulneribus</span> <span class='ocrx_word' id='word_1_172' title='bbox 424 3271 508 3336; x_wconf 90' lang='lat' dir='ltr'>nutu</span> <span class='ocrx_word' id='word_1_173' title='bbox 526 3266 580 3336; x_wconf 92' lang='lat' dir='ltr'>dei</span> <span class='ocrx_word' id='word_1_174' title='bbox 600 3264 797 3337; x_wconf 86' lang='lat' dir='ltr'>cecidissent</span> <span class='ocrx_word' id='word_1_175' title='bbox 814 3270 993 3359; x_wconf 82' lang='lat' dir='ltr'>ettempus</span> <span class='ocrx_word' id='word_1_176' title='bbox 1010 3264 1192 3339; x_wconf 89' lang='lat' dir='ltr'>miserandi</span> <span class='ocrx_word' id='word_1_177' title='bbox 1208 3264 1293 3359; x_wconf 88' lang='lat' dir='ltr'>ojus,</span> <span class='ocrx_word' id='word_1_178' title='bbox 1318 3264 1386 3338; x_wconf 87' lang='lat' dir='ltr'>sei-</span> 
     </span>
     <span class='ocr_line' id='line_1_24' title="bbox 209 3399 1384 3499; baseline 0.002 -26"><span class='ocrx_word' id='word_1_179' title='bbox 209 3402 286 3473; x_wconf 83' lang='lat' dir='ltr'>licet</span> <span class='ocrx_word' id='word_1_180' title='bbox 303 3402 528 3497; x_wconf 73' lang='lat' dir='ltr'>recuperande</span> <span class='ocrx_word' id='word_1_181' title='bbox 544 3408 635 3473; x_wconf 88' lang='lat' dir='ltr'>terre</span> <span class='ocrx_word' id='word_1_182' title='bbox 657 3399 750 3499; x_wconf 74' lang='lat' dir='ltr'>illius</span> <span class='ocrx_word' id='word_1_183' title='bbox 768 3406 900 3490; x_wconf 90' lang='lat' dir='ltr'>sancte,</span> <span class='ocrx_word' id='word_1_184' title='bbox 927 3401 967 3472; x_wconf 92' lang='lat' dir='ltr'>de</span> <span class='ocrx_word' id='word_1_185' title='bbox 985 3400 1108 3489; x_wconf 86' lang='lat' dir='ltr'>talibus</span> <span class='ocrx_word' id='word_1_186' title='bbox 1127 3399 1301 3495; x_wconf 77' lang='lat' dir='ltr'>prodigiis.</span> <span class='ocrx_word' id='word_1_187' title='bbox 1313 3403 1384 3497; x_wconf 77' lang='lat' dir='ltr'>jam</span> 
     </span>
     <span class='ocr_line' id='line_1_25' title="bbox 209 3532 1383 3632; baseline -0.001 -22"><span class='ocrx_word' id='word_1_188' title='bbox 209 3537 386 3632; x_wconf 71' lang='lat' dir='ltr'>viderctss)</span> <span class='ocrx_word' id='word_1_189' title='bbox 407 3559 480 3609; x_wconf 91' lang='lat' dir='ltr'>esse</span> <span class='ocrx_word' id='word_1_190' title='bbox 497 3537 684 3632; x_wconf 85' lang='lat' dir='ltr'>proximum</span> <span class='ocrx_word' id='word_1_191' title='bbox 705 3541 803 3628; x_wconf 85' lang='lat' dir='ltr'>atque</span> <span class='ocrx_word' id='word_1_192' title='bbox 821 3540 999 3631; x_wconf 85' lang='lat' dir='ltr'>propterea</span> <span class='ocrx_word' id='word_1_193' title='bbox 1022 3532 1383 3625; x_wconf 68' lang='lat' dir='ltr'>faciendumexborta‘-</span> 
     </span>
    </p>

    <p class='ocr_par' dir='ltr' id='par_1_6' title="bbox 158 3668 1384 3902">
     <span class='ocr_line' id='line_1_26' title="bbox 158 3668 1383 3765; baseline -0.003 -19"><span class='ocrx_word' id='word_1_194' title='bbox 158 3692 199 3746; x_wconf 74' lang='lat' dir='ltr'>ab</span> <span class='ocrx_word' id='word_1_195' title='bbox 209 3673 356 3765; x_wconf 89' lang='lat' dir='ltr'>tionibus</span> <span class='ocrx_word' id='word_1_196' title='bbox 373 3671 636 3765; x_wconf 79' lang='lat' dir='ltr'>predicatorum,</span> <span class='ocrx_word' id='word_1_197' title='bbox 652 3669 789 3764; x_wconf 88' lang='lat' dir='ltr'>passim</span> <span class='ocrx_word' id='word_1_198' title='bbox 799 3671 901 3765; x_wconf 87' lang='lat' dir='ltr'>-jubct</span> <span class='ocrx_word' id='word_1_199' title='bbox 919 3668 993 3740; x_wconf 87' lang='lat' dir='ltr'>fieri</span> <span class='ocrx_word' id='word_1_200' title='bbox 1009 3669 1184 3762; x_wconf 87' lang='lat' dir='ltr'>preconia,</span> <span class='ocrx_word' id='word_1_201' title='bbox 1209 3677 1249 3741; x_wconf 81' lang='lat' dir='ltr'>ut</span> <span class='ocrx_word' id='word_1_202' title='bbox 1266 3671 1383 3742; x_wconf 80' lang='lat' dir='ltr'>lidelos</span> 
     </span>
     <span class='ocr_line' id='line_1_27' title="bbox 210 3803 1384 3902; baseline -0.002 -21"><span class='ocrx_word' id='word_1_203' title='bbox 210 3804 347 3902; x_wconf 77' lang='lat' dir='ltr'>qouque,</span> <span class='ocrx_word' id='word_1_204' title='bbox 364 3806 489 3880; x_wconf 89' lang='lat' dir='ltr'>monita</span> <span class='ocrx_word' id='word_1_205' title='bbox 507 3805 625 3878; x_wconf 89' lang='lat' dir='ltr'>salutis</span> <span class='ocrx_word' id='word_1_206' title='bbox 644 3804 936 3899; x_wconf 84' lang='lat' dir='ltr'>suscipientes,ad</span> <span class='ocrx_word' id='word_1_207' title='bbox 953 3803 1214 3899; x_wconf 89' lang='lat' dir='ltr'>redemptionem</span> <span class='ocrx_word' id='word_1_208' title='bbox 1231 3805 1384 3899; x_wconf 58' lang='lat' dir='ltr'>captiuo*</span> 
     </span>
    </p>

    <p class='ocr_par' dir='ltr' id='par_1_7' title="bbox 115 3910 1381 4033">
     <span class='ocr_line' id='line_1_28' title="bbox 115 3938 1381 4033; baseline -0.002 -16"><span class='ocrx_word' id='word_1_209' title='bbox 115 3982 122 3991; x_wconf 75' lang='lat'>,</span> <span class='ocrx_word' id='word_1_210' title='bbox 209 3968 283 4016; x_wconf 89' lang='lat' dir='ltr'>rum</span> <span class='ocrx_word' id='word_1_211' title='bbox 298 3944 334 4015; x_wconf 86' lang='lat' dir='ltr'>in</span> <span class='ocrx_word' id='word_1_212' title='bbox 348 3950 440 4016; x_wconf 89' lang='lat' dir='ltr'>terra</span> <span class='ocrx_word' id='word_1_213' title='bbox 456 3949 569 4016; x_wconf 87' lang='lat' dir='ltr'>sancta</span> <span class='ocrx_word' id='word_1_214' title='bbox 584 3939 734 4013; x_wconf 84' lang='lat' dir='ltr'>unanimi</span> <span class='ocrx_word' id='word_1_215' title='bbox 747 3944 827 4014; x_wconf 80' lang='lat' dir='ltr'>voto</span> <span class='ocrx_word' id='word_1_216' title='bbox 838 3945 878 4027; x_wconf 75' lang='lat' dir='ltr'>⁴et</span> <span class='ocrx_word' id='word_1_217' title='bbox 891 3939 965 4033; x_wconf 86' lang='lat' dir='ltr'>pari</span> <span class='ocrx_word' id='word_1_218' title='bbox 983 3938 1160 4031; x_wconf 80' lang='lat' dir='ltr'>deuotione</span> <span class='ocrx_word' id='word_1_219' title='bbox 1174 3939 1381 4014; x_wconf 70' lang='lat' dir='ltr'>anhelarent</span> 
     </span>
    </p>

    <p class='ocr_par' dir='ltr' id='par_1_8' title="bbox 209 4074 1382 4185">
     <span class='ocr_line' id='line_1_29' title="bbox 209 4074 1382 4172; baseline 0 -26"><span class='ocrx_word' id='word_1_220' title='bbox 209 4076 356 4170; x_wconf 86' lang='lat' dir='ltr'>Indeque</span> <span class='ocrx_word' id='word_1_221' title='bbox 381 4078 664 4172; x_wconf 82' lang='lat' dir='ltr'>quodJobannes</span> <span class='ocrx_word' id='word_1_222' title='bbox 687 4075 853 4171; x_wconf 80' lang='lat' dir='ltr'>presbiter</span> <span class='ocrx_word' id='word_1_223' title='bbox 874 4075 1051 4147; x_wconf 84' lang='lat' dir='ltr'>cardinalis</span> <span class='ocrx_word' id='word_1_224' title='bbox 1069 4075 1284 4151; x_wconf 85' lang='lat' dir='ltr'>titulisancbi</span> <span class='ocrx_word' id='word_1_225' title='bbox 1301 4074 1382 4167; x_wconf 72' lang='lat' dir='ltr'>Sue-</span> 
     </span>
    </p>

    <p class='ocr_par' dir='ltr' id='par_1_9' title="bbox 212 4268 1108 4342">
     <span class='ocr_line' id='line_1_30' title="bbox 212 4268 1108 4342; baseline 0.003 -19"><span class='ocrx_word' id='word_1_226' title='bbox 212 4270 453 4339; x_wconf 63' lang='lat' dir='ltr'>oeconomos.</span> <span class='ocrx_word' id='word_1_227' title='bbox 510 4269 515 4279; x_wconf 90' lang='lat'>&#39;</span> <span class='ocrx_word' id='word_1_228' title='bbox 596 4268 601 4276; x_wconf 85' lang='lat'>&#39;</span> <span class='ocrx_word' id='word_1_229' title='bbox 691 4283 694 4289; x_wconf 92' lang='lat'><em>·</em></span> <span class='ocrx_word' id='word_1_230' title='bbox 778 4272 1108 4342; x_wconf 64' lang='lat' dir='ltr'>&#39;meauscausenuc</span> 
     </span>
    </p>

    <p class='ocr_par' dir='ltr' id='par_1_10' title="bbox 209 4355 1011 4425">
     <span class='ocr_line' id='line_1_31' title="bbox 209 4355 1011 4425; baseline 0.004 -18"><span class='ocrx_word' id='word_1_231' title='bbox 209 4355 236 4423; x_wconf 79' lang='grc'>2)</span> <span class='ocrx_word' id='word_1_232' title='bbox 252 4357 378 4424; x_wconf 83' lang='lat' dir='ltr'>factaque.</span> <span class='ocrx_word' id='word_1_233' title='bbox 746 4372 748 4377; x_wconf 81' lang='grc'>’</span> <span class='ocrx_word' id='word_1_234' title='bbox 807 4357 833 4425; x_wconf 86' lang='grc'>6)</span> <span class='ocrx_word' id='word_1_235' title='bbox 848 4360 1011 4412; x_wconf 81' lang='lat' dir='ltr'>indubitatos.</span> 
     </span>
    </p>
   </div>
   <div class='ocr_carea' id='block_1_4' title="bbox 206 4441 992 4594">
    <p class='ocr_par' dir='ltr' id='par_1_11' title="bbox 206 4441 992 4594">
     <span class='ocr_line' id='line_1_32' title="bbox 207 4441 956 4511; baseline 0.003 -18"><span class='ocrx_word' id='word_1_236' title='bbox 207 4441 234 4507; x_wconf 80' lang='grc'>3)</span> <span class='ocrx_word' id='word_1_237' title='bbox 250 4442 327 4508; x_wconf 87' lang='lat' dir='ltr'>pisce.</span> <span class='ocrx_word' id='word_1_238' title='bbox 807 4443 834 4511; x_wconf 82' lang='grc'>7)</span> <span class='ocrx_word' id='word_1_239' title='bbox 849 4455 956 4495; x_wconf 86' lang='lat' dir='ltr'>mutuos.</span> 
     </span>
     <span class='ocr_line' id='line_1_33' title="bbox 206 4525 992 4594; baseline 0.001 -16"><span class='ocrx_word' id='word_1_240' title='bbox 206 4525 233 4594; x_wconf 74' lang='grc'>4)</span> <span class='ocrx_word' id='word_1_241' title='bbox 248 4525 377 4593; x_wconf 76' lang='lat' dir='ltr'>llichtiger</span> <span class='ocrx_word' id='word_1_242' title='bbox 397 4525 480 4585; x_wconf 68' lang='lat' dir='ltr'>lien,</span> <span class='ocrx_word' id='word_1_243' title='bbox 730 4560 733 4567; x_wconf 67' lang='lat'><em>=</em></span> <span class='ocrx_word' id='word_1_244' title='bbox 807 4528 835 4593; x_wconf 87' lang='grc'>8)</span> <span class='ocrx_word' id='word_1_245' title='bbox 850 4529 992 4581; x_wconf 81' lang='lat' dir='ltr'>videretur?</span> 
     </span>
    </p>
   </div>
   <div class='ocr_carea' id='block_1_5' title="bbox 0 0 1718 5096">
    <p class='ocr_par' dir='ltr' id='par_1_12' title="bbox 0 0 1718 5096">
     <span class='ocr_line' id='line_1_34' title="bbox 0 0 1718 5096; baseline 0 6"><span class='ocrx_word' id='word_1_246' title='bbox 0 0 1718 5096; x_wconf 95' lang='lat' dir='ltr'> </span> 
     </span>
    </p>
   </div>
  </div>
 </body>
</html>
