3426 5096
794 199 836 263 85

225 372 283 467 git.
316 370 448 455 Modico
465 376 582 464 postea
598 368 764 464 temporis
773 374 987 465 pretereunte
1002 368 1196 459 interstitio,
1215 369 1399 467 Thuringie
1490 430 1492 435 .

225 507 379 602 princeps
397 513 506 578 tutum
524 505 559 577 in
580 503 730 579 Salevclt
754 505 826 599 regi
837 504 998 600 Philippo
1016 510 1137 599 putans
1154 504 1304 577 lrrturum
1327 529 1401 578 essa

224 643 371 733 asylum,
386 642 434 713 nil
450 642 590 739 credens
607 648 718 715 actarm
729 663 804 713 curn
819 640 899 734 quid
917 645 1109 735 superesset
1124 641 1299 734 agendum,
1319 665 1400 738 sug-

223 776 374 872 gestione
393 802 532 851 suorum
551 800 625 874 oum
642 777 784 869 quodam
803 775 939 848 residuo
957 775 1123 847 exercitus
1139 774 1194 846 sui
1209 773 1268 846 illo
1286 776 1399 850 diver-

194 912 325 1005 stit1).
375 911 423 986 Et
446 912 554 1007 primo
580 911 714 987 fortiter
737 909 934 984 facientibus
959 910 1089 1002 modico
1117 916 1193 982 ante
1221 911 1399 984 adventurn

222 1047 383 1143 principis
412 1047 662 1121 civitatensibus
692 1054 760 1120 tam
790 1046 911 1121 acriter
940 1044 1176 1135 imminebant,
1210 1051 1249 1117 ut
1274 1046 1399 1121 relictis

222 1181 379 1277 presidiis
408 1176 466 1254 alii
493 1190 609 1256 eorum
626 1189 742 1255 'mente
756 1162 973 1255 'consternati
997 1181 1193 1278 perfugam
1219 1182 1398 1255 evadentes

213 1315 440 1392 ¹formidolose
464 1318 725 1415 delitescerent,
740 1317 798 1390 alii
818 1314 945 1392 viribus
969 1318 1116 1412 impares
1137 1317 1323 1412 impetuosa
1345 1341 1399 1390 ca-

203 1451 374 1547 ptivitate
392 1454 519 1528 subacti
536 1477 609 1526 curn
625 1455 726 1552 rebus
747 1459 781 1525 et
797 1453 953 1549 pausania
975 1453 1012 1527 in
1036 1452 1240 1525 deditionem
1257 1453 1397 1526 abirent.
1409 1465 1448 1508 1⁰¹«
1459 1468 1504 1510 ³³²·
1516 1480 1536 1510 ²·

173 1553 339 1681 cultaque
357 1611 558 1684 erumpnosa
575 1589 761 1685 direptione
780 1589 817 1661 in
835 1589 971 1664 civitate
994 1595 1203 1685 perpetrata,
1229 1590 1273 1661 ad
1298 1613 1398 1662 ceno-

222 1723 310 1795 bium
332 1724 483 1819 ejusdem
502 1725 616 1820 oppidi
638 1725 867 1814 diverterunt,
892 1731 926 1797 et
947 1724 1053 1805 valvis
1073 1724 1208 1799 ecclesie
1232 1724 1396 1799 violenter
1466 1706 1469 1723 ’

219 1856 335 1930 tractis
360 1881 436 1931 cum
449 1859 564 1951 ¹totius
588 1859 792 1933 immanitate
811 1859 948 1934 sceleris
967 1883 1053 1951 eos,
1071 1885 1155 1954 quos
1177 1861 1266 1934 intra
1292 1863 1397 1935 eccle-

218 1993 301 2065 siam
324 1992 495 2066 latitantes
510 2003 726 2091 receperunt,
756 1996 836 2091 2.)in
851 1995 986 2073 vincula
999 1996 1214 2091 conjecerunt
1229 2002 1263 2068 et
1275 1997 1323 2069 ibi
1341 2022 1396 2070 re»

217 2128 361 2224 positam
374 2129 626 2224 suppelectilem
645 2131 867 2221 monasterii,¹
885 2130 1011 2203 scilicet
1028 2136 1183 2203 ornatum
1200 2138 1234 2203 et
1249 2134 1396 2227 burgen-

169 2263 305 2340 rasiam
334 2265 526 2358 peccunias,
559 2265 785 2362 profanantes
803 2266 1029 2339 sanctuarium
1059 2265 1132 2357 dei,
1165 2266 1396 2340 indifferenter

216 2422 329 2473 secum
349 2400 568 2474 abstulerunt.
621 2401 668 2476 Et
689 2427 762 2476 curn
784 2402 849 2475 alio
869 2401 1114 2498 potuit'ordine
1134 2400 1239 2475 larissa
1257 2427 1395 2499 proces-

216 2559 310 2625 sum,
335 2536 508 2623 inviolatis
528 2537 659 2628 seilicet
672 2537 820 2611 ecclesie
849 2538 1103 2628 emunitatibus,
1136 2562 1206 2610 non
1231 2562 1271 2611 er
1297 2539 1393 2613 avide

216 2669 408 2762 cupiditatis
425 2671 691 2761 enormitatibus,
718 2695 877 2745 canonem
895 2674 971 2745 date
984 2673 1020 2762 ³)
1039 2673 1204 2744 sententie
1222 2672 1395 2746 evidenter

216 2802 441 2875 incurrerunt
493 2803 568 2875 Hoc
592 2798 711 2877 audito*
732 2806 903 2900 provincie
921 2805 1077 2900 princeps
1095 2805 1255 2899 impetum
1279 2807 1317 2877 in
1341 2830 1395 2879 ec-

166 2936 353 3035 aeclesiam
377 2936 502 3009 lactum
523 2938 672 3033 graviter
698 2961 733 3011 se
758 2928 847 3011 lerr‘e
876 2937 1049 3012 confessus
1075 2944 1146 3032 cst,
1178 2940 1239 3012 sed
1252 2940 1393 3017 ¹ratione

217 3071 441 3146 multitudinis
474 3079 645 3151 warram
675 3081 811 3147 autores
844 3074 1056 3165 scelerum4)
1099 3073 1229 3148 liberati
1261 3084 1341 3149 sunt
1373 3102 1392 3150 a

216 3232 314 3304 pana,
333 3209 393 3282 sed
409 3231 478 3281 non
494 3232 518 3281 a
530 3208 635 3305 culpa.
672 3209 786 3282 Abbas
804 3196 886 3283 vero
904 3209 969 3291 loci
986 3232 1059 3283 cum
1076 3210 1186 3284 lacero
1201 3211 1344 3287 fratrum
1356 3215 1391 3306 ⁶)

215 3332 353 3417 suorum
368 3343 526 3417 comitatu
535 3342 728 3450 Erfcrdiam
744 3344 880 3419 devenit
892 3351 1042 3441 absuper
1055 3353 1124 3420 tam
1139 3347 1321 3443 dampnoso
1337 3372 1392 3423 ec-

214 3478 313 3552 clesie
331 3502 391 3555 sue
412 3480 549 3552 crimine
565 3480 735 3578 delegatos
749 3480 997 3577 jurisdictionis
1014 3481 1106 3555 illius
1119 3483 1251 3579 judices
1269 3507 1391 3561 consu·

164 3613 306 3706 nolens,
331 3615 423 3689 aliud
440 3615 561 3688 habere
586 3640 656 3690 non
679 3617 790 3712 potuit
812 3616 1099 3707 commumoni
1122 3619 1211 3711 quod
1236 3620 1391 3713 impacati

212 3751 374 3846 temporis
395 3751 568 3824 molimina
590 3752 717 3848 etipse
743 3774 831 3845 equo
851 3752 983 3841 animo,
1008 3775 1069 3846 per
1089 3751 1229 3825 aliarum
1249 3753 1391 3849 dampna

211 3887 457 3981 provinciarum
472 3857 679 3982 erperientia
694 3886 853 3983 exempli,
880 3886 1021 3962 srrffcrre
1044 3894 1175 3963 coactus
1202 3894 1265 3963 est.
1319 3889 1389 3966 Ta...

213 4042 289 4092 men
308 4023 497 4098 convocatis
521 4022 656 4107 ecclesie
679 4022 862 4118 prolatibus
879 4023 915 4096 in
934 4046 973 4095 eo
993 4024 1228 4107 concordatum
1255 4030 1325 4116 est,
1352 4034 1390 4103 ut

213 4156 382 4249 provincie
406 4159 561 4254 princeps
588 4182 689 4257 super
714 4158 967 4233 enormitatibus
994 4159 1243 4255 consuleretur,
1275 4156 1387 4271 utrum

215 4319 240 4385 ll
255 4321 292 4370 lm
308 4321 396 4372 Monet
410 4325 556 4379 December.
813 4324 839 4392 ll
854 4327 963 4378 sceleris.

212 4403 239 4468 2)
255 4407 292 4454 tur
310 4407 354 4455 Or.
370 4405 439 4457 steht
455 4408 540 4461 vorin
557 4410 625 4461 rocla
643 4410 700 4461 ein:
718 4420 752 4462 et.
814 4413 840 4478 5)
856 4412 985 4464 fratruum.

211 4488 238 4553 3)
255 4489 324 4540 alato.
