3426 5096
899 234 1043 312 84⁸

336 420 511 516 Philippus
528 404 704 515 paternum
729 418 844 491 adiens
871 419 1015 492 erarium
1035 419 1200 492 infinitam
1218 412 1361 492 militum
1389 416 1515 518 cupiam

336 557 458 652 partim
476 545 645 650 argento,
660 542 781 649 partim
799 551 908 627 leudis
924 542 958 626 ct
974 554 1273 650 promissionibus,
1300 556 1364 631 sibi
1382 581 1515 655 compa-

336 693 442 781 ravit,
470 674 681 763 Odaclrarum
708 689 809 763 etiam
834 680 949 762 ducem
969 689 1128 764 Bobemie
1153 714 1216 785 pro
1243 686 1426 786 prestando
1451 695 1515 767 sibi

335 826 451 900 lavore
472 825 628 920 deinceps
652 848 765 921 regem
788 814 863 897 eum
882 815 1030 919 sucosque
1052 815 1263 899 successores
1279 819 1357 899 'curn
1374 822 1515 902 honoriss

335 962 397 1034 luca
417 961 696 1034 transmutatione
720 949 906 1056 insignivit.
960 950 1025 1053 Qui
1043 960 1142 1034 etiam
1160 985 1234 1033 cum
1250 962 1425 1036 innumera
1442 965 1513 1040 Bo·
1546 987 1565 1039 a

336 1099 509 1171 hemorum
525 1095 736 1168 multitudine
754 1084 947 1170 et'lortibus
958 1080 1148 1169 'oromatis
1166 1096 1202 1169 in
1220 1098 1350 1193 partem
1367 1090 1513 1195 Philippi

338 1233 506 1308 concurrit
522 1239 555 1304 et
573 1232 758 1327 superioris
772 1232 912 1305 Ausbie
929 1231 1091 1347 terminos
1108 1224 1315 1328 depopulans
1327 1234 1513 1328 ubicunque

339 1377 446 1443 castra
467 1374 609 1441 metatus
628 1374 689 1440 cst.
730 1357 968 1465 Ibirirgimrm
984 1357 1172 1458 defloratio,
1197 1364 1402 1442 matrimonii
1410 1363 1514 1465 'sepu-

337 1507 441 1595 ratio,
469 1502 769 1577 sanctimonialium
789 1510 823 1576 et
839 1504 1019 1577 viduarum
1034 1501 1177 1575 nefanda
1203 1496 1318 1577 abeis
1341 1505 1511 1601 corruptio

337 1647 528 1738 perpetrata
555 1646 626 1733 est,
657 1639 799 1733 denique
825 1628 978 1714 civitates
1003 1638 1248 1734 deflagrarunt,
1274 1632 1510 1714 emunitatibus
1527 1661 1564 1715 cu

235 1834 239 1839 .
338 1777 550 1850 ecclesiarum
582 1768 622 1847 etv
644 1775 814 1849 ciuitatum
840 1764 975 1847 minime
1006 1764 1203 1871 parcentes,
1237 1800 1331 1850 sacra
1363 1777 1513 1872 profanis

338 1914 561 2002 miscuerunt,
587 1911 698 2006 sicque
714 1911 854 1984 multum
871 1912 982 1984 Roma
1000 1918 1034 1984 et
1049 1918 1121 1984 tota
1139 1911 1276 1984 ecclesia
1290 1904 1389 1985 debet
1404 1935 1513 2007 popu-

337 2049 463 2122 laribus
480 2047 600 2139 armis,
626 2049 656 2121 si
673 2047 829 2143 Philippo
852 2048 900 2120 sic
917 2071 973 2120 res
991 2047 1063 2143 geri
1083 2048 1206 2121 debuit.
1257 2038 1308 2121 Ac
1326 2071 1408 2123 uero
1427 2047 1513 2119 male

337 2209 373 2258 se
394 2209 449 2258 res
475 2184 591 2274 habet,
619 2208 692 2256 cum
707 2183 854 2256 Romani
878 2184 1039 2279 principis
1061 2184 1179 2257 electio
1202 2176 1354 2257 constare
1379 2160 1513 2258 videtum

337 2321 433 2393 bellis
445 2330 491 2391 'ac
505 2321 539 2411 1)
558 2319 726 2414 peccunia,
753 2343 815 2412 quc
833 2306 958 2393 virtute
973 2316 1087 2415 potius
1105 2327 1138 2392 et
1153 2321 1329 2394 concordia
1348 2318 1434 2392 effici
1452 2294 1510 2391 de·
1527 2345 1565 2397 rs

336 2455 418 2527 buit
471 2454 619 2527 Proinde
633 2453 810 2550 Philippus
822 2442 1044 2531 ¹ulterioribus
1062 2434 1214 2552 partibus
1229 2455 1321 2529 Beni
1335 2455 1512 2527 imminens

336 2590 476 2663 multum
502 2590 663 2686 temporis
691 2590 737 2663 ibi
764 2591 891 2687 eregit,
924 2589 1051 2666 duuiali
1078 2599 1205 2665 tantum
1236 2590 1444 2687 separatione
1457 2591 1511 2662 'ab

337 2722 540 2801 aduersariis
554 2726 648 2818 suis,
676 2725 800 2803 llltone
824 2735 858 2801 ct
882 2729 955 2825 ejus
979 2728 1145 2819 exercitu,
1173 2718 1372 2824 disjunctos
1423 2722 1514 2800 Nihil

336 2864 427 2936 aliud
434 2865 481 2936 ab
496 2861 671 2957 utriusque
689 2865 857 2938 exercitus
874 2864 986 2960 copia,
1012 2865 1079 2937 nisi
1098 2864 1194 2936 cedes
1212 2870 1245 2939 et
1252 2863 1433 2970 incendia,
1458 2863 1511 2935 iu-

335 2999 455 3070 laustis
473 2999 633 3070 duntaxat
648 2983 839 3071 numoribus
854 3001 1135 3101 percrebuerunt,
1162 2999 1275 3093 sicque
1292 3000 1413 3073 solutis
1429 3022 1510 3095 pro·
1521 3021 1565 3075 eu

337 3132 497 3204 cinctibus
520 3131 604 3203 nibil
627 3132 843 3228 solempniter
867 3135 912 3207 ibi
931 3135 1102 3209 actitatum
1114 3137 1154 3226 2)
1177 3142 1239 3208 est.
1268 3126 1511 3229 'Preterquam

336 3265 505 3339 Bohemus
522 3266 596 3338 iens
615 3273 650 3338 et
669 3268 803 3341 rediens
820 3253 959 3343 residuo
978 3272 1123 3363 amcos)
1145 3258 1384 3364 quasi'locusta
1399 3269 1511 3341 immi-

336 3384 445 3474 nebat.
467 3410 479 3419 ⁴
495 3402 583 3474 Post
600 3402 662 3476 hoe
679 3403 906 3499 lantgravius,
932 3393 1040 3479 ne³nil
1058 3414 1238 3503 ageretur,
1264 3396 1423 3502 delegatis
1447 3398 1512 3478 sibi

336 3542 375 3612 ab
395 3536 519 3612 Ottone
538 3562 616 3635 rege
640 3534 829 3615 ciuitatibus¹
853 3542 975 3616 acriter
992 3526 1202 3616 imminebat.
1240 3543 1339 3617 ¹Nam
1365 3540 1512 3643 collectis

336 3683 375 3750 ut
392 3677 488 3773 ajunt
503 3651 593 3750 millo
618 3677 817 3774 octingentis
835 3678 1005 3752 militibus
1017 3664 1218 3772 Nofdllusii,
1244 3679 1368 3776 regalis
1387 3677 1511 3774 oppidi,
1522 3688 1566 3754 a'a

335 3837 450 3887 muros
470 3810 600 3886 obsedit
607 3814 666 3906 4),
692 3813 921 3888 civitatensem
937 3813 1077 3890 durium
1093 3837 1157 3911 per
1174 3804 1381 3888 adulterinos
1398 3806 1513 3889 aloem

338 3950 377 4019 ab
401 3947 523 4043 oppidu
537 3949 671 4043 rejecit,
698 3949 819 4044 sitique
841 3957 875 4023 et
892 3951 928 4022 in
942 3976 1057 4026 muros
1075 3936 1304 4051 lactu'impetu
1315 3939 1380 4046 'per
1396 3950 1513 4022 multi-

338 4076 423 4154 laria
436 4094 610 4154 murorum
623 4089 790 4158 tormenta
807 4086 855 4158 eis
871 4069 1007 4160 fortiter
1020 4070 1166 4180 inscius,
1177 4072 1276 4182 atoue
1293 4087 1423 4160 duobus
1440 4083 1512 4157 fere

338 4215 508 4289 mensibus
524 4215 572 4289 ibi
587 4216 710 4292 exactis
728 4219 764 4291 in
783 4221 985 4295 deditionem
1003 4246 1061 4298 eos
1076 4223 1208 4305 infectis
1223 4224 1354 4299 viribus
1368 4223 1420 4298 ire
1437 4245 1514 4296 coe-

340 4453 365 4515 1)
381 4468 403 4500 a.
937 4456 964 4520 3)
979 4456 1053 4506 bruti.

338 4536 363 4599 2)
379 4533 529 4588 actitratum.
935 4540 962 4604 d)
978 4539 1053 4591 Mitte
1067 4543 1215 4609 September
1232 4537 1307 4593 1198.
