3426 5096
699 221 903 321 *aa*

212 398 370 475 auiditate
390 397 539 473 laudum
566 402 600 469 et
614 395 794 469 ⁴sitibunda
817 392 979 469 stomachi
1000 394 1223 485 immanitate,
1255 394 1386 469 avaris-

211 528 294 609 sime
312 533 523 623 haurientem
550 531 751 605 exhibitione
775 528 841 600 olei
863 534 898 600 et
919 527 1060 601 aliorum
1082 529 1256 624 pinguium
1273 528 1386 623 liquo-

210 691 286 742 rum
303 668 445 763 plurimi.
454 674 561 741 morte
581 668 751 761 insperata
762 666 797 755 .1)
808 644 1028 737 interierunt.
1078 662 1162 735 Inde
1180 663 1248 736 illia
1266 686 1386 760 super-

211 803 315 876 stites
329 803 475 899 egressi,
502 799 713 875 Antiochiam
728 823 848 874 versus
863 805 973 872 castra
993 798 1108 870 metati
1123 804 1212 871 soant.
1256 798 1388 872 Accidit

181 946 342 1030 sautem,
369 938 459 1031 qaod
477 960 537 1032 pre
557 936 660 1009 nimia
676 942 773 1008 estus⁴
784 934 924 1007 uredine
942 941 976 1007 et
990 934 1210 1029 intemperata
1227 932 1387 1004 mem'dio-
1412 926 1512 1002 rasam.

211 1073 298 1144 nalis
334 1075 431 1168 plage
465 1071 630 1144 caliditate
660 1071 863 1166 imperator,
897 1068 1109 1166 refrigerium
1144 1091 1310 1162 quereus,
1345 1069 1388 1140 ad
1426 1098 1430 1103 ·

213 1206 379 1298 quoddam
405 1205 530 1279 flumen
558 1231 633 1280 cum
660 1207 751 1280 omni
767 1206 940 1278 ‘exercitus
965 1205 1019 1277 sui
1045 1204 1257 1277 multitudine
1282 1204 1388 1294 read,
1405 1260 1420 1283 .,

211 1340 287 1431 aui,
313 1340 502 1436 principum
528 1342 675 1416 consiliis
698 1344 905 1433 contrarius,
930 1339 1153 1435 refrigerandi
1179 1360 1277 1412 causa
1298 1339 1389 1416 idem

211 1475 299 1546 unde
317 1475 516 1551 innatando
536 1480 578 1551 'se
599 1479 758 1577 credidit,
775 1485 818 1550 et
841 1478 880 1550 de
899 1475 1065 1550 continuis
1089 1473 1300 1548 brachiorum
1325 1497 1387 1547 an-

163 1609 373 1683 tolractibus
392 1618 426 1683 et
440 1612 545 1688 totius
566 1613 717 1709 eorporis
734 1620 828 1685 motu
844 1612 1014 1708 fatigatum,
1039 1612 1079 1684 ab
1097 1610 1222 1706 impetu
1240 1609 1388 1683 fluminis

212 1746 254 1818 ad
270 1746 511 1820 desolationem
526 1747 631 1819 tutius
653 1748 827 1820 christiani
846 1747 1010 1820 exercitus
1037 1747 1163 1819 occulto
1189 1747 1242 1819 dei
1259 1746 1387 1844 Judioio

210 1880 437 1976 absorptus2)
467 1888 530 1954 est
571 1881 663 1974 »Quo
689 1883 735 1955 sit
759 1890 870 1955 autem
898 1870 1017 1954 mortis
1049 1883 1121 1978 ejus
1154 1882 1268 1977 opinio
1296 1883 1388 1976 uulgi

211 2016 348 2089 dissona
372 2023 407 2088 et
428 2017 645 2109 inconcinna,
671 2017 789 2090 abinde
814 2016 980 2090 'sententia
1006 2022 1067 2088 est.
1122 2015 1253 2112 corpus
1278 2022 1388 2090 autem

109 2244 113 2249 ι
210 2151 357 2246 regium,
383 2176 457 2225 cum
481 2154 586 2225 multa
610 2153 799 2226 celebritate
820 2151 1034 2245 exequiarum
1054 2150 1278 2241 Antyochiam
1297 2151 1389 2222 dela-

163 2302 201 2355 re
213 2292 303 2377 tum,
329 2289 573 2362 venerabilibus
588 2289 769 2384 impendiis
785 2288 868 2361 inibi
884 2288 1051 2383 sepultum
1065 2292 1127 2359 est.
1166 2286 1293 2359 Mortui
1310 2293 1392 2360 sunt

210 2428 320 2499 autem
337 2425 454 2496 eodem
468 2432 619 2521 tempure
641 2425 681 2495 de
701 2424 847 2497 exercitu
871 2423 1072 2515 christiano,
1100 2420 1277 2497 [lutfridus
1296 2416 1389 2496 ller-

209 2558 409 2653 bipolensis‚
435 2560 633 2653 ll(artinus)
657 2556 858 2634 Misenensis
884 2542 1116 2655 (episeopus),'
1135 2558 1253 2655 Poppo
1278 2582 1388 2631 comes

211 2692 253 2762 de
276 2693 521 2788 Hennenlrerg,
547 2694 763 2767 Burchardus
790 2694 1013 2788 burggrauius
1039 2694 1079 2765 de
1104 2692 1328 2788 Magdeburg,
1354 2700 1389 2764 et

212 2826 464 2921 quamplurimi
484 2827 559 2917 alii,
587 2850 729 2919 quomam
750 2827 858 2897 anime
879 2798 1061 2897 ereduntur
1080 2825 1267 2917 salvatri).
1294 2846 1297 2850 ·

160 2984 201 3041 au
314 2961 410 3034 Nunc
429 2961 471 3032 ad
486 2960 705 3081 Laglewicum
720 2960 945 3055 lantgravium
962 2956 1078 3031 stilum
1093 2959 1287 3054 dirigamus.
1305 2959 1389 3033 llic

210 3097 321 3189 itaque
339 3095 511 3192 piissimus
524 3097 594 3168 deo
614 3102 648 3167 et
667 3095 876 3186 hominibus,
903 3094 1048 3191 optinuit
1069 3100 1216 3168 montem
1233 3095 1388 3169 Trcune-
1430 3132 1435 3139 ·

211 3234 292 3328 berg
300 3235 339 3323 4)
366 3255 438 3303 oum
464 3232 535 3304 suis
562 3231 734 3323 terminis,
759 3231 914 3328 predium
934 3231 1209 3322 Tuteleyben⁵)‚
1234 3231 1387 3327 predium

209 3363 502 3462 induperator),
528 3374 562 3439 et
587 3367 651 3448 alia
675 3369 778 3440 multa
803 3366 1049 3441 bonaeoolesie
1067 3366 1525 3458 Repuersbornensisotmt

211 3498 365 3598 optinuit.
419 3501 487 3574 Sed
513 3502 635 3603 etheo
659 3503 794 3576 silentio
818 3486 997 3598 praeteriri
1020 3526 1092 3577 non.
1114 3502 1263 3597 expedit,
1286 3504 1387 3595 'quod
1432 3500 1434 3507 '

159 3657 199 3710 as
210 3637 298 3710 idem
328 3637 550 3729 Ludewious‚
572 3637 705 3710 tertius
734 3637 835 3734 liujus
863 3637 1009 3709 nominis
1035 3636 1273 3731 lantgravius,
1311 3659 1387 3708 acer

209 3774 309 3864 bellu,
335 3796 437 3868 sagax
449 3772 605 3868 ingenio,
630 3772 765 3869 pietatis
782 3768 996 3844 miseratione
1013 3770 1202 3865 precipuus,
1227 3770 1301 3865 ipso
1321 3772 1387 3862 dle,

212 3930 276 4000 quo
291 3908 475 3982 ammoulus
490 3909 564 4005 ejus
580 3907 775 3981 Friderioua
792 3907 975 4001 irnperator
992 3905 1125 4001 signum
1142 3904 1249 3978 erucis
1266 3928 1386 4003 super-
1428 3946 1433 3953 ·

120 4210 130 4229 s
214 4151 240 4218 1)
253 4153 378 4221 inspirata.
811 4158 884 4209 einen
902 4156 1003 4221 Bezirk,
1027 4157 1074 4208 der
1093 4174 1135 4207 um
1155 4156 1206 4208 den
1222 4158 1323 4209 ltdcken
1341 4159 1385 4208 des

211 4234 238 4301 2)
254 4237 375 4287 absortus.
810 4243 963 4310 Tenneberg
977 4242 1030 4293 sich
1045 4242 1148 4310 lugente.
1174 4245 1199 4292 8.
1209 4243 1258 4294 Th.
1270 4246 1296 4293 S.
1310 4261 1336 4310 p.
1344 4239 1386 4295 96.

210 4318 239 4385 3)
254 4319 351 4371 salvati.
811 4327 837 4393 5)
855 4327 900 4378 Die
915 4327 968 4378 bea.
985 4326 1108 4377 Urkunde
1123 4326 1174 4378 Th.
1187 4327 1213 4375 S.
1230 4343 1257 4393 p.
1265 4322 1308 4377 95.

210 4403 238 4469 4)
251 4404 325 4475 Doclr
339 4405 403 4455 wohl
412 4409 576 4478 Tenneberg3
592 4411 627 4462 im
635 4407 786 4463 inhaesisti
810 4406 837 4477 6)
851 4413 918 4461 derat
940 4410 980 4461 ein
996 4410 1092 4461 Preula.
1110 4409 1191 4474 Dori,
1217 4409 1385 4475 Regiorungass

210 4487 330 4541 iiberliel's
349 4488 395 4539 der
410 4491 543 4557 Landgraf
563 4493 620 4544 dem
633 4496 738 4547 Klorter
753 4496 785 4544 ll.
810 4493 897 4546 bcairk
913 4494 1015 4556 Erfurt,
1034 4492 1109 4544 Krcia
1124 4488 1292 4545 waltratae.
1347 4500 1350 4505 '

1161 4585 1180 4639 lt
