3422 5094
883 212 927 278 42

314 411 375 463 sss
387 389 422 478 1)
440 387 482 459 de
498 385 749 482 Gzegeslsagin,
773 381 990 457 Burolsardus
1010 383 1051 456 de
1070 383 1298 480 Wartlerglt)
1314 407 1391 458 cun
1404 409 1492 481 qus·

315 523 392 595 &m
408 520 594 616 Beringero
614 520 655 593 de
671 517 930 614 lleldiogen3),
954 520 1144 612 uocasset)
1172 517 1330 593 suffocati
1348 521 1490 595 m'mera-

313 656 426 731 loiliter
442 655 644 729 interierunt
655 656 702 744 ⁵).
746 653 898 727 Tandem
915 655 1098 749 imperator
1114 655 1299 751 apostolico
1312 663 1410 730 luans
1425 657 1490 730 Al-

313 816 374 888 pes
397 791 524 864 occurit
547 764 582 862 et
604 789 693 884 apud
711 788 880 862 Veronam
901 790 1123 880 conveniunt,
1146 789 1260 883 ilique
1287 791 1489 885 aliquamdiu

313 949 415 1022 super
431 931 523 999 statu
541 924 677 998 ecclesie
694 930 729 996 et
744 924 840 1020 regni
854 923 999 1020 negotiis
1016 924 1193 999 consilium
1209 924 1405 1018 habuerunt,
1430 927 1487 1000 nli
1508 935 1529 988 ⁵

313 1060 469 1157 princeps
490 1060 626 1134 inclitus
645 1058 847 1134 Ludcwicus
866 1059 988 1132 ceruus
1008 1060 1234 1156 lantgravius,
1260 1062 1318 1155 qui
1334 1086 1409 1134 cum
1424 1063 1489 1134 im-

312 1201 468 1291 peratore
493 1197 693 1286 advenerat,
719 1195 762 1269 ad
784 1193 946 1267 honorem
970 1200 1005 1266 ct
1029 1202 1262 1268 ornamentum
1279 1195 1398 1268 dilecte
1423 1196 1488 1268 sili

313 1328 449 1404 ecclesie
475 1330 722 1422 Roynersborn
749 1329 993 1425 ampliandum,
1027 1350 1126 1402 mum
1151 1329 1257 1402 insule
1286 1354 1348 1424 pet
1371 1353 1487 1404 omnes

312 1466 465 1540 oblatum
489 1467 561 1562 ejus
580 1465 809 1539 successiones
834 1488 908 1537 cum
930 1464 1101 1560 privilegii
1126 1465 1322 1537 auctoritate
1347 1466 1488 1537 colora-

310 1607 399 1691 tum,
426 1624 446 1673 a
463 1599 598 1673 domino
616 1600 799 1695 apostolico
810 1600 846 1695 ⁶)
863 1599 1114 1695 impetramus).
1165 1598 1258 1672 llum
1272 1600 1397 1672 ibidem
1412 1612 1535 1673 nso-lo

312 1741 486 1825 tarentus,
519 1758 617 1809 causo
641 1737 782 1827 quedem
806 1735 911 1806 arduo
932 1735 1023 1806 inter
1048 1735 1369 1826 commodabatur,
1395 1758 1488 1808 oum-

313 1892 376 1964 quo
392 1869 575 1965 imperator
591 1894 665 1943 oum
681 1871 886 1967 principibus
907 1869 1081 1942 consilium
1103 1870 1249 1942 debilium
1267 1870 1366 1962 (non)
1386 1869 1485 1942 inue-

310 2004 419 2096 niret,
453 2028 541 2101 pyus
572 2006 727 2101 princeps
758 2005 980 2097 Ludewicus,
1016 2012 1196 2080 conuocato
1228 2005 1361 2077 domino
1393 2004 1485 2076 Her-

309 2163 450 2232 manno,
476 2139 996 2236 aotace⁸)1coynershornonsi‚
1022 2139 1131 2235 ipsum
1150 2163 1262 2212 coram
1284 2141 1484 2237 imperatore

310 2281 345 2347 ct
358 2275 510 2349 omuibus
526 2275 814 2348 circumstantibus
828 2277 1033 2373 principibus
1046 2275 1282 2370 interrogavit,
1300 2277 1390 2369 quod
1405 2287 1535 2347 oon-15

310 2408 423 2483 silium
443 2410 538 2482 daret
556 2432 658 2505 super
674 2410 735 2483 toli
752 2410 876 2483 causo?
926 2411 978 2484 Ac
1001 2398 1078 2499 illd,
1103 2416 1143 2482 ut
1163 2416 1236 2483 erot
1254 2410 1308 2483 vir
1325 2410 1485 2484 eruditis·

310 2543 416 2619 simus
435 2544 555 2617 tamin
575 2544 699 2619 diuinis
719 2569 817 2638 quam
833 2546 870 2618 in
891 2546 1044 2621 humanis
1059 2545 1199 2641 legibus,
1225 2545 1387 2639 optimum
1403 2569 1484 2617 con-

311 2679 423 2753 silium
440 2679 532 2753 dedit
545 2680 582 2753 in
598 2681 719 2755 talibus
737 2682 893 2777 negotiis.
933 2682 1030 2774 Quod
1052 2680 1227 2754 consilium
1246 2680 1430 2776 imperator
1450 2687 1485 2753 et

310 2838 427 2891 omnes
446 2796 614 2913 principes
630 2816 840 2895 cffiomcrunt
857 2824 891 2891 ot
907 2818 1151 2914 approbarunt,
1178 2817 1266 2889 undo
1284 2815 1373 2888 idem
1388 2822 1484 2912 pater

309 2949 544 3042 Romaanus,
577 2955 616 3026 ab
643 2953 845 3047 imperatore
870 2960 906 3027 et
929 2953 1134 3049 principibus
1158 2951 1273 3024 mucis
1297 2951 1424 3025 divitiis
1449 2949 1533 3024 ct2⁰

309 3084 502 3157 muneribus
525 3085 729 3178 honoratus,
754 3089 798 3160 od
819 3089 956 3185 propria
977 3095 1031 3162 est
1048 3062 1230 3178 reuersus,
1263 3112 1338 3161 oum
1364 3087 1483 3180 quium
1520 3082 1525 3087 ’

309 3223 348 3291 ut
372 3218 493 3293 dicitur
515 3226 650 3312 turres,
680 3246 855 3319 companas
877 3249 914 3298 ac
939 3225 1056 3322 predia
1079 3223 1266 3296 construxit
1285 3222 1323 3306 in
1344 3223 1481 3297 cenobio

166 3362 296 3479 vtato·
310 3376 372 3429 suo
391 3360 426 3427 cl
448 3356 662 3454 comparavit·
714 3346 782 3434 Post
803 3376 856 3436 hoo
874 3377 1002 3436 iliosicus
1025 3394 1091 3446 nox,
1120 3374 1199 3434 sicud
1221 3374 1391 3446 instituerat,
1417 3386 1481 3453 pro·

310 3551 335 3620 1)
351 3535 459 3606 Gozmor
472 3556 665 3625 v.Ziegenlnayn
680 3556 706 3607 in
723 3559 827 3608 Hessen.
853 3561 879 3610 S.
906 3556 1045 3610 vaterliiud.
1066 3557 1158 3608 Geaoh.
1179 3554 1482 3624 (1.Heft,8.140)hat

307 3639 423 3691 Romans!
438 3643 449 3691 1
455 3677 463 3702 ,
481 3642 508 3691 ὃ.
518 3638 570 3692 268
587 3641 638 3692 uod
654 3646 726 3693 Anus.
743 3638 786 3693 64.
906 3644 955 3694 deo
969 3642 1011 3695 25.
1023 3642 1073 3694 tuli
1090 3643 1126 3694 ola
1142 3641 1228 3692 diesen
1245 3642 1418 3709 Uagl'uokstag
1434 3642 1482 3692 be-

306 3721 334 3790 2)
348 3724 502 3777 castellanus
523 3736 602 3777 neunt
625 3726 669 3777 ihu
687 3726 743 3777 eine
760 3727 881 3781 Urkondc
906 3728 1018 3779 reohnet.
1053 3729 1104 3777 Dus
1120 3725 1246 3792 Ereiguiio
1262 3726 1326 3776 wind
1342 3744 1391 3777 von
1408 3726 1482 3777 meh-

306 3807 350 3859 des
374 3810 488 3861 Bisohol's
512 3809 605 3861 Martio
631 3827 682 3860 von
707 3810 815 3860 Meiisen
839 3811 881 3861 bei
906 3830 963 3863 rem
971 3810 1417 3878 'gleichzeitigendnnalencrw'a'hnt5
1430 3807 1481 3875 vgl.

306 3891 427 3960 Kraiisig,
445 3894 560 3961 Beitciige
570 3894 734 3946 zuccllistorie
749 3894 879 3947 dersiichv
905 3915 928 3948 z.
941 3899 968 3947 ll.
994 3896 1035 3947 die
1053 3895 1216 3947 Continuacio
1237 3895 1323 3947 Altera
1337 3892 1481 3944 zwetlensis

305 3973 402 4024 aischen
418 3976 518 4038 Laude,
538 3977 568 4042 1,
588 3978 627 4030 12.
675 3974 680 3983 ’
905 3998 961 4031 zum
978 3983 1000 4031 J.
1013 3976 1083 4033 '1184
1107 3981 1157 4050 (bei
1174 3982 1261 4044 Pertz,
1279 3981 1315 4030 M.
1331 3979 1363 4027 G.
1379 3978 1410 4026 H.
1430 3977 1480 4037 IX,

307 4055 335 4123 ὃ)
348 4057 500 4123 meningen,
521 4059 584 4123 jetst
606 4061 646 4111 ein
662 4063 731 4113 Dori
750 4063 792 4113 bei
805 4064 879 4116 wel·
905 4082 930 4132 p.
942 4062 1013 4130 542).

255 4184 258 4189 ,
306 4156 368 4192 mar.
403 4142 432 4190 ln
446 4140 491 4191 dor
508 4143 589 4208 (dnm.
598 4141 626 4208 2)
642 4145 809 4211 ongefdhrtoo
827 4149 878 4196 Ur·
904 4145 931 4212 6)
946 4148 1021 4200 Psbst
1038 4150 1129 4201 Lucius
1143 4153 1185 4202 lll.

306 4224 390 4275 kunde
403 4223 465 4275 wind
479 4224 686 4294 dieserllerioger
699 4228 766 4279 wohl
781 4228 879 4281 fcilsoh-
904 4229 931 4299 7)
946 4235 971 4281 8.
988 4232 1029 4283 dio
1043 4234 1135 4300 piibstl.
1150 4234 1271 4287 Urkunde
1289 4231 1314 4283 in
1332 4231 1378 4284 der
1393 4230 1442 4285 Th.
1453 4234 1480 4282 8.

307 4308 359 4360 lich
376 4325 458 4361 comes
475 4320 593 4377 genennt.
906 4333 931 4382 p.
946 4312 1003 4366 177.
1460 4338 1466 4356 o

306 4391 334 4459 4)
347 4410 432 4446 sceno.
823 4412 827 4417 ·
904 4397 931 4468 8)
946 4399 1038 4456 obboti.

307 4474 333 4545 5)
348 4478 446 4533 Eslsard
455 4478 482 4531 in
493 4479 578 4534 acinon
588 4480 828 4552 Usborlicierungen
837 4500 881 4536 zur
