3422 5094
802 222 1006 322 *ep*

318 422 396 475 eum
413 400 620 497 pertinentes
639 408 715 469 eum
739 393 878 484 modiis,
904 393 962 487 qui
982 392 1125 489 singulis
1146 391 1274 466 mansis
1296 391 1495 486 redduntur,
1519 442 1523 449 ·

318 532 436 629 quibus
454 536 527 630 ipsa
545 531 681 606 ecelesia
699 529 807 626 primo
827 528 930 629 (litata
948 535 1012 620 est,
1039 528 1197 600 decimam
1213 527 1496 623 piscationum'slt'

318 666 435 769 stagno
460 668 616 743 Gnosene
630 666 665 758 1)
692 664 961 762 apiseatoribus.
1008 662 1081 735 Hec
1105 664 1192 736 <lona
1217 664 1372 738 dominus
1396 666 1520 738 abbas*

316 792 532 894 Ernestus2)
558 825 601 874 ne
627 800 725 875 alieui
750 801 845 892 layoo
872 800 927 875 vel
950 798 1093 873 seculari
1119 798 1194 875 uiro
1218 799 1256 871 in
1280 798 1415 873 feudum
1440 801 1495 875 rel

316 940 353 1012 in
374 940 433 1036 jus
459 938 551 1010 leudi
575 943 770 1033 presentare
796 941 985 1031 presumat,
1012 934 1162 1007 distriete
1186 933 1331 1008 inhibuit
1350 935 1492 1030 privile*
1507 941 1544 996 ·⁵

316 1074 426 1170 gium,
461 1073 551 1168 quod
576 1072 790 1167 priuilegium
814 1071 967 1144 dominus
993 1069 1197 1144 Adelbertus
1218 1069 1493 1175 'uebiepiseopus

316 1209 535 1306 Mogontinus
562 1206 782 1280 confirmarit.

416 1343 618 1418 Ludewieus
636 1343 748 1435 itaque
771 1342 935 1415 secundus
955 1334 1138 1436 provintie‘
1150 1360 1260 1415 eomes
1279 1339 1396 1432 totius,
1421 1341 1513 1416 uir-'

316 1449 398 1553 tutis
427 1479 591 1552 accinctus
619 1477 769 1579 potentia
797 1501 875 1573 paee
902 1483 936 1549 et
955 1477 1061 1567 bello,
1089 1477 1129 1549 de
1150 1475 1247 1550 Jutta
1268 1475 1437 1549 Frideriei
1461 1482 1495 1548 et

317 1615 464 1689 Conradi
480 1613 692 1709 imperatoris
712 1636 868 1708 germana
886 1612 1034 1707 suscepit
1052 1614 1090 1685 ab
1112 1636 1150 1684 ea
1169 1611 1423 1685 serenissimum
1436 1611 1491 1684 in-
1503 1621 1544 1676 1⁰

318 1750 404 1823 dolis
431 1748 648 1824 Ludewieum
671 1747 841 1844 Juniorem
867 1746 1060 1843 primum³)
1087 1746 1311 1821 sui-nominis
1342 1747 1494 1843 lantgra-

316 1883 428 1975 vium,
445 1883 673 1957 ¹l'riderienm
706 1884 746 1956 de
775 1882 1014 1979 Gzegenhagen
1026 1884 1064 1973 4)
1076 1936 1086 1973 ,
1119 1882 1296 1961 Hiurieum
1322 1882 1494 1978 juniorem

316 2026 535 2116 nogromento
554 2020 694 2115 Raspen
715 2018 870 2105 tertium,
898 2024 932 2090 et
946 2019 1178 2091 Hermannum
1200 2018 1367 2090 illustrem
1391 2016 1492 2113 hujus

189 2171 230 2216 ¹⁰¹·
243 2171 292 2214 ³¹²-
315 2156 485 2251 provintie
505 2155 690 2252 prinoipem
710 2159 744 2225 et
763 2151 906 2225 Saxonis
923 2153 1076 2225 tomitem
1092 2153 1295 2247 palatinum,
1320 2159 1417 2245 atque
1436 2175 1493 2225 so-

316 2291 527 2372 renissimam
555 2290 659 2362 filiam
690 2287 823 2360 nomine
854 2286 1006 2379 tunam,
1041 2287 1245 2371 comitissam
1274 2288 1314 2360 de
1342 2288 1544 2373 Rabins715

316 2428 399 2521 berg
412 2425 459 2521 ⁵).

177 2577 317 2632 onesnnp-
402 2559 485 2619 Anno
501 2557 611 2617 Domini
626 2558 786 2635 MCXLVll
807 2556 949 2618 Conraelns
972 2579 1023 2618 rex
1044 2579 1104 2618 eum
1121 2558 1269 2619 Ludewieo
1290 2578 1358 2637 τῳ
1377 2557 1411 2618 ele
1427 2559 1493 2618 Gal·

198 2659 220 2688 1·
233 2645 292 2689 ¹¹⁴²·
318 2663 370 2734 lia,
393 2682 453 2720 eum
471 2659 640 2720 multitudiue
658 2660 756 2757 grandi
773 2650 962 2739 episcoporum
979 2659 1076 2719 lucum
1093 2671 1123 2720 et
1139 2660 1265 2719 comitum
1283 2660 1494 2739 proficiscuntur

319 2762 354 2822 ad
371 2775 472 2822 terram
487 2773 610 2820 sanctam
629 2773 726 2820 eontra
743 2781 867 2840 paganos
883 2762 1062 2841 prognatum,
1084 2773 1115 2819 nt
1130 2772 1211 2821 antea
1223 2763 1312 2841 patuit
1327 2762 1390 2822 loco
1408 2783 1468 2821 suo.

170 2881 306 2927 tt.n.1ttr.
400 2863 483 2923 Anno
497 2862 611 2922 Domini
627 2863 732 2923 Metu
758 2864 929 2922 Burmannus
954 2883 1048 2922 eomes
1069 2861 1103 2922 te
1120 2864 1325 2942 Wintzeubnrg
1346 2865 1372 2923 in
1393 2861 1491 2922 eodem
1502 2866 1545 2922 20

317 2977 409 3027 castro
429 2987 447 3024 a
468 2964 621 3023 bominibus
639 2966 697 3022 suis
720 2984 774 3022 nna
795 2984 855 3023 curn
874 2967 993 3043 conjuge
1014 2985 1064 3024 sua
1079 2963 1206 3024 flebiliter
1224 2963 1358 3024 occiditur
1379 2975 1492 3043 propter

317 3067 449 3144 peonnias
470 3085 535 3122 snas
558 3084 591 3122 ao
611 3064 768 3122 thesaurum
791 3084 878 3123 sunm.
922 3066 966 3149 Ex
991 3077 1054 3124 tune
1077 3079 1141 3144 post
1164 3064 1353 3133 reversionem
1373 3065 1493 3125 Conradi

318 3167 392 3245 regis
415 3164 598 3223 Romanorum
623 3164 657 3222 de
683 3174 759 3224 terra
782 3177 892 3236 saneta,
915 3166 983 3226 XVl
1003 3165 1145 3225 Kalendas
1163 3166 1240 3246 blayi
1263 3167 1345 3226 rebus
1368 3167 1491 3225 humanis

317 3267 440 3326 excessit
461 3277 490 3324 et
511 3266 538 3324 in
561 3265 718 3344 babinberg
740 3267 818 3345 regio
846 3286 922 3325 more
947 3268 1086 3345 sepelitur.
1132 3268 1216 3345 Cujus
1242 3269 1304 3327 loco
1326 3266 1491 3337 lutericus,

319 3368 479 3428 Swevorum
494 3366 558 3438 dux,
581 3366 670 3426 media
686 3366 895 3446 quadragesima
909 3368 1061 3427 Frauelord
1074 3388 1164 3427 rerum
1183 3390 1313 3427 summam
1330 3369 1491 3446 suscipiens,
1502 3378 1545 3432 25

318 3471 344 3528 in
372 3488 467 3551 regem
495 3469 606 3547 eligitur
632 3480 661 3528 et
684 3467 852 3548 Aquisgrani
879 3470 907 3527 in
935 3468 981 3528 die
1006 3470 1157 3549 palmarum
1187 3472 1276 3549 regali
1303 3467 1493 3530 benedictione

317 3571 485 3637 sublimator.

171 3677 202 3722 te.
216 3690 238 3724 ι·
250 3677 309 3723 ¹1⁶³·
401 3672 484 3732 Anno
499 3672 609 3732 Domini
625 3632 745 3732 Metui
761 3691 812 3732 rex
830 3632 985 3732 Frideriene
1004 3673 1106 3732 curiam
1129 3693 1206 3732 suam
1227 3675 1254 3732 in
1277 3685 1377 3733 ottavo
1397 3683 1495 3752 pente·

317 3787 410 3835 costes
435 3786 495 3834 eum
520 3774 625 3834 dnobus
647 3772 830 3833 cardinalibus
850 3773 986 3853 Gregorio
1003 3795 1036 3834 ac
1051 3773 1228 3844 Bembardo‚
1250 3793 1405 3854 magnoque
1427 3793 1493 3832 eon·

321 3923 345 3989 1)
358 3923 492 3974 Vielleieht
509 3924 555 3974 der
571 3941 656 3991 grosse
671 3924 767 3986 Teich,
785 3923 893 3975 welches
917 3924 963 3974 her
978 3923 1070 3974 Probet
1086 3922 1112 3972 in
1128 3922 1251 3984 Fritzlar,
1277 3923 1344 3972 dann
1362 3922 1430 3973 Grai
1443 3936 1493 3972 ron

319 4005 402 4072 gleieb
425 4016 499 4057 noter
514 4010 615 4072 'l'organ
631 4006 701 4074 liegt.
735 4009 761 4059 3.
777 4007 892 4075 §chelles
917 4007 1067 4074 Ziegenhain
1081 4005 1129 4058 soit
1145 4002 1349 4058 uetustate.
1372 4008 1399 4055 S.
1412 4005 1492 4056 Rom·

319 4092 346 4141 S.
358 4087 423 4152 253,
441 4091 474 4138 Ν.
487 4087 544 4139 122.
917 4091 967 4141 mel
983 4091 999 4141 l.
1016 4109 1036 4144 e.
1054 4095 1079 4141 S.
1089 4089 1149 4142 213.

318 4170 539 4238 2)Λ1)1Εη1111,
556 4171 576 4235 †
594 4167 668 4223 1139.
917 4175 944 4240 ὃ)
961 4175 1122 4242 Rerensberg
1135 4172 1346 4242 inWestphalen.
1370 4171 1425 4223 Aut
1435 4171 1492 4223 Fol.

318 4253 346 4322 3)
362 4256 413 4306 Das
428 4257 506 4307 Wort
527 4254 650 4322 primum,
678 4272 748 4305 wenn
767 4272 796 4305 ea
819 4256 893 4307 einen
917 4255 978 4324 317,
997 4259 1090 4321 colb,
1114 4260 1159 4311 lin.
1174 4256 1290 4311 27-50
1315 4256 1349 4307 ist
1370 4256 1414 4307 <lie
1428 4255 1492 4306 blit-

318 4337 380 4389 Sinn
396 4337 478 4389 haben
495 4339 559 4404 soll,
584 4337 650 4388 mule
667 4338 893 4405 gleichbedentend
917 4340 1031 4408 theilung
1044 4343 1106 4393 iiber
1121 4340 1493 4394 denErnbisohofWiohmann

318 4421 365 4473 mit
381 4421 561 4490 primogenitus
577 4422 728 4474 verstanden
742 4422 850 4477 werdon.
918 4441 961 4474 aus
978 4424 1036 4474 dem
1051 4425 1143 4477 Chron.
1152 4426 1239 4494 Mogd,
1257 4419 1491 4496 (s.Meib.11‚tt9)

319 4504 346 4573 4)
359 4506 510 4573 Ziegenhain
528 4506 555 4559 in
571 4507 675 4556 Heesen.
711 4508 746 4558 Er
763 4524 814 4558 wer
828 4525 891 4560 vor·
915 4506 1023 4558 inserirt.
