3422 5094
874 222 918 290 30

309 395 466 457 infimitate
484 405 627 473 correptus
649 393 719 455 dieu
741 393 1031 465 sanilonomen,
1058 394 1132 455 omni
1153 411 1243 474 new
1266 391 1302 457 le
1322 406 1414 459 nonu
1434 417 1486 462 sna

200 564 209 578 ι
309 497 465 575 relinquens
480 495 644 571 justicium.)
658 497 685 568 ι)
716 493 825 573 Corpus
841 513 909 553 voro
926 496 987 572 ejus
1005 515 1022 554 a
1038 495 1125 557 lliexa
1142 496 1319 574 inperatrice
1335 496 1485 562 Saxoniw

308 607 466 675 reportatur
479 607 509 654 et
525 593 596 674 opud
614 594 776 655 Lau-ensem
797 594 933 655 abhatiam
949 596 984 655 ah
1004 597 1065 675 ipso
1086 607 1289 666 constructam,
1311 599 1485 676 presentibus

310 698 431 757 &nonio
446 696 870 775 etquattuungieprincipttn·
887 696 922 756 ll.
935 696 998 757 Kal.
1015 696 1139 757 lanuarii
1154 697 1233 776 regio
1250 718 1326 758 more
1342 700 1484 777 sepelitur.

167 813 297 858 suaset.
333 812 338 821 '
370 796 536 856 .Conradus
553 796 685 856 Fritleriei
700 796 776 855 (lucu
795 796 955 857 Soranorum
973 816 1131 874 gemenas,
1155 800 1200 877 qui
1216 810 1298 859 antea
1315 819 1423 879 qnoque
1438 820 1483 863 re·
1515 805 1535 859 5

167 881 294 993 Sffl'ssztr
308 901 381 978 §um
395 899 423 970 2)
448 918 547 957 nomen
570 898 622 957 sihi
642 909 839 975 usurpaverat,
860 896 932 976 apud
946 898 1142 959 confluentiam
1159 897 1249 959 media
1273 898 1484 979 quadragesima

186 1029 208 1060 a.
224 1019 281 1061 ttae.
310 1002 337 1059 in
360 1019 455 1079 regem
480 1001 590 1078 eligitur
613 1011 642 1058 et
665 1000 692 1056 in
717 1000 869 1076 proximum
894 1010 1073 1078 pentecosten
1097 999 1132 1058 ad
1156 1001 1482 1080 cenomannenses)

305 1101 425 1161 habitam
452 1121 469 1161 a
493 1100 694 1180 quamplurimis
706 1100 736 1172 ⁴¹)
767 1100 846 1179 regui
867 1101 1032 1179 principibus
1053 1101 1238 1161 confirmatur.
1282 1102 1334 1163 tlte
1356 1104 1484 1181 rogavit

306 1204 384 1260 annis
405 1202 469 1261 XV.

160 1318 191 1363 tt.
204 1332 227 1364 a.
241 1320 299 1365 tlte.
391 1302 473 1363 Anno
485 1302 594 1362 Domini
606 1303 784 1363 mcxxxix
803 1301 925 1381 spodos
942 1323 1041 1382 magna
1055 1302 1128 1383 apud
1143 1304 1238 1364 urhem
1250 1303 1364 1367 Romam
1372 1305 1401 1376 ὅ)
1419 1324 1480 1369 outa
1493 1305 1535 1367 lD

307 1403 476 1464 hiemarum
494 1406 696 1484 provinciarum
715 1405 851 1483 episeopis
870 1415 900 1463 et
921 1396 1065 1464 abhatibus
1085 1404 1175 1466 media
1198 1403 1411 1484 manageino
1431 1406 1482 1469 solt

305 1525 377 1585 papa
397 1507 556 1565 innocentio
579 1505 742 1565 celebratur.
787 1503 934 1565 Discordia
957 1507 1051 1584 gravis
1068 1506 1143 1565 inter
1158 1505 1315 1567 conradum
1334 1526 1431 1591 regern
1454 1518 1483 1569 et

308 1608 446 1666 Dinricum
468 1606 564 1666 ducens
582 1606 746 1665 Davarorm
768 1618 849 1685 atque
872 1606 1011 1665 Saxonum
1031 1607 1169 1686 principes
1193 1613 1313 1680 (exorte)
1337 1619 1396 1681 est,
1418 1629 1483 1689 pro·

306 1719 368 1787 pter
383 1709 505 1768 wenis
524 1707 651 1766 videlieet
670 1707 797 1769 ducatum
812 1727 830 1766 a
848 1727 916 1787 rege
935 1707 1023 1771 eidem
1042 1707 1154 1769 llinrico
1172 1707 1332 1784 ablatnn⁶i
1350 1720 1380 1773 et
1394 1708 1481 1771 Atet-

307 1809 387 1868 herto
405 1809 556 1895 marchioni
575 1810 730 1889 prestitum.
776 1811 862 1882 Quem
880 1808 1006 1869 ducatum
1025 1829 1105 1891 mum
1121 1807 1177 1867 dux
1193 1808 1320 1869 Hierieus
1337 1821 1366 1871 ot
1383 1811 1479 1888 reliqui
1493 1812 1531 1875 ll

309 1911 447 1971 Saxonum
462 1911 598 1989 principes
613 1909 745 1969 adversus
761 1910 877 1970 eundem
888 1909 1068 1970 Arielhertum
1085 1910 1267 1968 marchionem
1284 1910 1368 1969 armis
1382 1896 1482 1987 alelen·

307 2011 412 2082 &ent
435 2031 487 2070 ron
502 2011 554 2070 hoc
570 2010 680 2090 indigne
696 2012 766 2084 tulit,
789 2023 818 2070 et
834 2011 983 2073 Saxoniam
999 2012 1138 2070 hostiliter
1154 2011 1301 2071 intraturus
1317 2022 1381 2071 ante
1396 2011 1481 2071 Hers-

306 2113 416 2173 ieldiam
432 2114 583 2172 exercitum
600 2115 750 2172 consumit.
791 2112 918 2175 Saxones
934 2133 1002 2173 vero
1018 2114 1158 2192 proprium
1173 2113 1343 2190 transgressi
1359 2113 1480 2184 timitem,

306 2216 332 2274 in
349 2213 471 2293 partibus
488 2214 636 2292 Thuringie
652 2233 735 2292 super
749 2215 858 2272 fluvium
876 2215 998 2273 Wesera
1008 2215 1037 2287 ⁷)
1057 2225 1149 2274 eastra
1164 2213 1260 2275 metati
1275 2225 1346 2285 sunt,
1368 2213 1479 2293 parlim

306 2327 387 2395 atque
404 2314 562 2373 ardentibus
580 2315 676 2375 animis
698 2315 725 2373 in
746 2325 891 2394 utrumque
908 2317 1014 2397 parati,
1036 2326 1084 2377 ant
1099 2316 1209 2375 toruus
1224 2316 1336 2375 uincere
1354 2327 1404 2379 aut
1424 2335 1478 2375 non
1489 2314 1532 2375 20

304 2416 390 2477 inulte
410 2417 489 2473 mori.
543 2416 665 2488 Quorum
687 2435 738 2474 rex
761 2415 904 2475 andedam
929 2417 1045 2489 veritus,
1075 2417 1209 2495 sanguine
1226 2415 1359 2494 judicium
1385 2416 1480 2479 lacere

268 2544 271 2555 ·
305 2517 405 2587 noluit,
428 2515 479 2574 sed
498 2518 612 2575 consilio
631 2537 693 2575 cum
715 2517 793 2595 regni
812 2518 972 2595 primatibus
989 2519 1097 2588 habito,
1120 2516 1234 2589 dextras
1250 2516 1339 2588 dedit,
1361 2519 1479 2595 aceepit,
1584 2530 1588 2533 ’

304 2629 334 2676 et
351 2618 392 2676 sic
408 2635 494 2696 usquo
510 2616 546 2676 ad
561 2619 714 2698 proximam
729 2629 908 2697 pentecosten
928 2637 997 2697 paen
1012 2619 1179 2698 composita,
1199 2637 1302 2698 greges
1319 2629 1478 2692 tenuamus,

304 2720 351 2798 unt
371 2739 432 2778 com
454 2720 516 2798 ipso
538 2718 660 2790 fuerant,
684 2719 794 2785 dimisit.

406 2837 507 2913 Anno
524 2838 663 2911 Domini
678 2837 806 2913 MDXL
825 2837 1027 2913 Ludewiens
1049 2837 1178 2933 primm
1197 2837 1396 2934 principalis
1419 2855 1529 2910 eost

304 2998 374 3047 mes
402 2975 492 3047 filius
519 2972 709 3046 fundatoris
735 2972 1072 3065 Repuershorueusis
1101 2973 1236 3046 ecclesie
1263 2973 1371 3070 pridie
1395 2971 1478 3049 Idus

305 3106 509 3197 sananim)
532 3107 614 3180 ohiii
633 3109 849 3210 sepultusque
869 3116 921 3182 est
939 3108 976 3185 in
992 3107 1109 3184 eodem
1125 3108 1262 3183 oenohio
1283 3110 1357 3204 jam
1379 3108 1478 3185 (litto

233 3261 270 3292 o·-
306 3240 450 3300 Udalrieus
467 3241 649 3301 Bohemorom
666 3241 721 3303 dnn
738 3253 767 3301 et
781 3244 947 3303 Wilhelmus
964 3243 1100 3323 palatinus
1117 3263 1216 3302 comes·
1225 3243 1363 3302 obierunt
1406 3241 1478 3299 Con·

248 3329 284 3360 ²¹
304 3342 387 3402 radus
409 3362 460 3402 ren
478 3343 551 3401 eirca
573 3344 791 3423 purificationem
810 3344 899 3404 Maris
917 3345 1020 3403 curiam
1040 3364 1117 3403 suana
1140 3345 1233 3402 hahuit
1249 3343 1403 3413 wormius,
1431 3340 1477 3399 nbi

304 3458 466 3521 Ludewicus
494 3445 614 3518 icilius
629 3447 687 3537 ⁹),
720 3462 789 3520 lilius
814 3461 954 3521 Ludewioi
981 3462 1156 3542 provincialis
1178 3463 1302 3532 comitis,
1330 3457 1476 3519 admodum
1486 3469 1529 3527 ὅθ

305 3662 329 3729 ί)
346 3661 433 3714 Diesor
449 3680 526 3730 ganne
543 3665 602 3714 Satn
622 3662 656 3713 ist
677 3661 712 3713 im
727 3665 770 3714 Or.
786 3680 878 3730 ausge-
902 3657 1064 3728 Dloblntnm.
1148 3670 1151 3677 '

303 3747 396 3812 fallea,
422 3748 474 3799 und
496 3765 528 3799 en
553 3747 643 3799 denen
660 3746 738 3798 Stelle
761 3746 802 3798 eiu
819 3750 877 3798 Satn
902 3743 929 3812 7)
943 3746 985 3798 die
1000 3749 1099 3800 Werra.

302 3848 347 3887 stu
363 3833 421 3889 dens
438 3834 531 3891 etun
548 3832 649 3901 magd„
674 3831 722 3891 der
737 3830 877 3898 gleiehfnlls
902 3829 929 3898 8)
944 3831 998 3889 aut
1012 3831 1071 3891 dein
1082 3860 1114 3877 μ-
1127 3829 1228 3887 freilioh
1238 3828 1479 3887 modwennae

303 3914 344 3964 die
360 3917 499 3966 Naehricht
515 3934 566 3968 ron
584 3917 692 3976 Lethars
709 3915 782 3975 Totle
798 3915 876 3983 giebt,
902 3933 953 3971 von
973 3916 1194 3971 heinhardsbrunn
1219 3910 1317 3987 (1292),
1333 3913 1388 3969 auls
1414 3928 1477 3963 neue

303 3999 495 4068 eingesehoben.
782 4044 784 4049 .
902 4000 1081 4069 hengestellten
1101 4028 1136 4038 -
1163 3997 1297 4054 Grabstein
1323 3996 1368 4045 des
1393 4004 1477 4045 ersten

301 4079 329 4147 2)
343 4081 412 4149 regii·
902 4085 1065 4153 Landgrafen
1087 4084 1157 4134 steht
1180 4083 1226 4133 der
1247 4081 1375 4155 Todestag
1396 4078 1479 4146 pridie

302 4165 330 4231 8)
346 4165 584 4233 Babenbergensem.
902 4168 960 4219 idos
976 4172 1042 4222 tutat
1056 4176 1120 4219 statt
1134 4165 1252 4221 Ianuarii.

302 4250 329 4315 4)
343 4250 455 4302 habitam
469 4249 610 4318 aquisgrani
622 4249 740 4319 plurimis·
751 4258 809 4312 ete,
828 4268 877 4301 was
901 4248 929 4317 9)
944 4263 1045 4319 quartus
1060 4252 1155 4304 miilste
1169 4271 1195 4304 es
1209 4251 1316 4314 heisten,
1333 4265 1405 4300 wenn
1420 4266 1479 4300 man

303 4335 345 4385 ich
359 4334 424 4386 nach
440 4334 533 4384 Chrou.
552 4335 596 4384 ΒΡ.
614 4352 636 4384 a.
654 4330 878 4386 attentassem
902 4352 953 4386 von
970 4336 1075 4402 Ludwig
1097 4336 1144 4386 mit
1166 4337 1224 4387 dem
1241 4338 1332 4398 Dante,
1356 4333 1422 4389 otior
1436 4350 1479 4385 ses·

303 4420 376 4471 habe.
902 4418 1015 4482 enudus,
1049 4436 1121 4470 wenn
1146 4436 1205 4470 man
1230 4436 1282 4472 von
1307 4418 1368 4476 rien
1394 4426 1478 4475 ersten

302 4505 329 4571 5)
344 4505 450 4556 Romam
466 4504 532 4555 fehlt
546 4502 581 4553 im
601 4502 646 4552 ch.
662 4503 709 4552 st’.
