3422 5094
876 214 918 279 10

313 386 371 475 eie,
393 386 450 478 qui
465 386 596 458 sibimet
610 385 693 481 ipsis
711 384 756 458 itt
771 385 936 459 inutiliter
955 386 1123 476 vivebant,
1143 386 1221 458 inde
1239 380 1391 478 remotis,
1409 388 1489 484 juge

314 522 366 592 dei
389 520 586 594 sacrificium
603 546 622 592 a
639 520 809 593 monachis
827 523 1008 597 secundum
1030 522 1180 617 reguiam
1196 523 1303 594 naneti
1319 522 1491 596 Benedicti
1647 546 1681 589 »a

314 657 504 731 viventibus
520 657 568 730 ibi
584 655 815 749 frequentetur
829 658 874 747 ¹).
915 656 1045 730 Eodem
1062 681 1149 730 anno
1160 658 1196 748 ²)
1223 658 1305 731 obiit
1320 658 1491 750 Adelhey-

314 793 366 864 dis
394 791 562 866 eomitissa
587 814 673 865 uxor
698 791 881 864 Ludewioi.
933 791 976 863 In
1001 792 1096 888 eujus
1125 794 1295 888 sepulture
1322 795 1375 866 die
1401 792 1514 866 idem'

314 948 423 999 eomes
447 951 509 1022 pro
535 927 682 999 remedio
709 926 817 999 anime
843 926 935 999 itttus
960 926 1101 1000 tradidit
1123 929 1164 1001 ad
1188 928 1359 1001 cenobium
1379 928 1490 1001 Rein·
1522 952 1542 1004 5

314 1063 470 1136 hirsborn
499 1063 688 1154 ecclesiam,
722 1086 785 1155 que
815 1062 935 1134 dicitur
962 1061 1138 1157 Sohypliz,
1172 1088 1244 1135 oum
1270 1064 1423 1137 omnibus
1450 1064 1492 1136 ad

315 1222 387 1270 eam
409 1199 653 1293 pertinentibus
679 1222 715 1270 ae
742 1221 878 1269 nemore
906 1204 1060 1270 etoetera.
1111 1198 1241 1272 Eodem
1267 1224 1354 1272 anno
1382 1223 1491 1272 amnes

314 1333 510 1406 Dittmarus
527 1358 589 1428 pro
606 1334 753 1406 remedio
770 1333 878 1405 a'nirne
897 1356 955 1405 aue
974 1357 1010 1406 ao
1026 1337 1143 1407 uxoris
1159 1358 1219 1407 sue
1236 1334 1377 1407 tradidit
1391 1358 1490 1406 eeno-

314 1468 367 1541 bio
389 1468 693 1559 Reynhardisborn
710 1470 838 1560 ionem,
865 1469 923 1562 qui
942 1468 1061 1541 dieitur
1078 1467 1241 1542 Lusenitz
1256 1471 1292 1559 3)
1313 1493 1388 1542 oum
1407 1469 1491 1543 silva

315 1606 483 1700 adjacente
512 1610 670 1697 quantum
697 1605 738 1677 ad
764 1629 800 1677 se
826 1604 1047 1699 pertinuit4).
1157 1614 1162 1621 '
1502 1624 1543 1679 to

343 1744 346 1749 ⁴
400 1740 480 1798 Anno
498 1739 606 1797 Domini
623 1739 750 1800 M.C.iX.
762 1741 810 1811 ⁶vet
827 1739 877 1798 Xt.
898 1738 1004 1797 enidom
1027 1739 1160 1797 monacho
1180 1740 1266 1796 saneti
1283 1738 1422 1798 Laurentii
1443 1759 1492 1796 ox·

315 1854 359 1901 tea
376 1862 469 1901 muros
485 1841 559 1900 orbis
575 1841 661 1900 Rome
681 1839 846 1918 mirantide
863 1842 971 1918 cingulo
991 1861 1057 1911 sno,
1080 1861 1132 1918 quo
1151 1842 1256 1899 eiectus
1272 1851 1349 1909 erat,
1372 1840 1491 1903 insoluto

315 1956 378 2003 ante
402 1964 462 2002 eum
487 1943 629 2021 projecto,
656 1963 712 2001 vox
737 1944 761 2000 in
786 1962 851 2000 aere
876 1944 949 2001 iacta
974 1954 1031 2000 ost:
1066 1941 1113 2000 Sie
1140 1942 1226 2019 potuit
1251 1941 1344 1999 clauso
1366 1940 1491 1998 Christus

315 2043 425 2124 prodire
448 2045 602 2123 sepulchro.

174 2154 230 2196 trtt.
245 2154 299 2196 cur.
399 2146 466 2209 item
483 2167 554 2204 anoo
569 2145 677 2204 Domini
688 2144 819 2203 ttttxtt
834 2146 949 2202 moritur
961 2143 1068 2222 quidum
1086 2142 1120 2202 de
1132 2143 1253 2202 Saxonin
1267 2144 1395 2221 princeps
1406 2140 1491 2200 Udtd·
1504 2146 1543 2200 tt

171 2222 444 2318 Univ'¹¹¹²'rieus⁵t‚
469 2246 607 2304 Lodowiei
627 2246 733 2302 comitis
751 2243 849 2305 diadum
872 2265 975 2322 gener,
1003 2245 1052 2304 sed
1075 2257 1189 2324 propter
1211 2246 1265 2304 titie
1290 2243 1430 2322 repudium
1452 2244 1493 2300 io-

193 2374 232 2416 tot.
247 2374 293 2415 ³1⁰,
317 2350 406 2418 visus,
435 2346 506 2404 unde
524 2344 652 2424 Syieidus
674 2346 823 2423 palatinus,
846 2346 995 2404 Lothnrios
1020 2345 1076 2403 dux
1095 2346 1253 2425 lindolphus
1274 2346 1412 2415 marchio,
1436 2345 1494 2402 Fri-

317 2447 426 2505 derieos
446 2448 595 2525 palatinus,
618 2447 783 2524 Wigbertos
804 2459 833 2506 et
850 2446 1004 2505 Lndovieos
1022 2448 1136 2505 eotuites
1153 2460 1182 2505 et
1202 2448 1320 2505 nonnulii
1342 2447 1388 2504 olii
1408 2465 1438 2504 se
1458 2445 1493 2502 ab

317 2548 449 2627 niueoquio
466 2549 638 2626 imperatoris
654 2548 841 2620 retrahebant,
865 2547 936 2626 qnod
951 2551 1013 2627 ipse
1032 2550 1225 2626 possessiones
1244 2548 1358 2626 predicti
1373 2545 1492 2604 Udahiei

316 2652 342 2712 io
365 2651 412 2727 joe
433 2651 511 2728 regni
531 2650 682 2709 conabatur
698 2648 856 2711 adtrahere
904 2649 959 2708 Sed
983 2660 1012 2707 et
1033 2652 1180 2728 episeopus
1200 2648 1441 2713 Homerstadermis
1463 2650 1545 2706 otio

196 2761 283 2803 mnon.
319 2750 460 2812 Geetrudis
477 2763 625 2830 prepotens
641 2750 722 2811 vidua
740 2752 896 2809 violentiam
913 2752 1087 2829 imperatoris
1104 2751 1287 2809 clamitabant.
1333 2751 1392 2822 Quin
1409 2749 1444 2808 de
1461 2768 1493 2807 re

177 2828 305 2938 εῗιῗξῗ
318 2852 645 2919 Heentunnustutewtct
665 2853 734 2910 fitius
757 2864 785 2910 et
802 2851 957 2910 Fridericus
973 2872 1065 2910 eomes
1085 2853 1218 2930 palatinus
1239 2852 1325 2909 irater
1344 2853 1414 2908 ttttus
1435 2856 1494 2908 ute'-

317 2956 392 3011 rinos
410 2957 438 3010 in
461 2953 718 3011 nastetto'd'ucttern
736 2952 897 3011 obsidentur
917 2964 945 3010 et
965 2952 1071 3011 euidotn
1091 2954 1204 3032 Hoyero
1223 2952 1257 3010 do
1276 2950 1415 3010 Mansfetd
1438 2958 1495 3010 trit·

317 3053 417 3117 duntur
438 3053 488 3114 sub
514 3063 651 3133 potestate
668 3053 769 3115 Hieriei
793 3055 882 3130 regis,
906 3065 935 3110 et
955 3055 981 3111 in
997 3055 1104 3113 vineola
1126 3053 1313 3117 detruderetur,
1361 3053 1417 3113 Sed
1436 3054 1494 3115 Fet-

318 3154 426 3211 deeieus
451 3173 543 3211 eomes
561 3165 631 3238 post
654 3151 828 3227 doosannos
851 3154 999 3212 resolvitur
1017 3166 1046 3212 et
1066 3156 1236 3214 Hermanous
1260 3156 1347 3214 irater
1368 3155 1491 3233 ejusdem
1503 3156 1545 3209 nt

320 3253 451 3312 Frideriei
469 3266 532 3333 post
550 3253 618 3311 duos
637 3242 724 3312 ornnes
742 3256 767 3311 in
786 3275 898 3313 earcere
917 3255 1044 3313 flebiliter
1059 3257 1087 3313 io
1106 3257 1220 3314 castello
1239 3256 1449 3335 Hammersteyo
1467 3258 1494 3313 in

318 3356 434 3414 vinculis
453 3357 577 3416 moritur.
659 3392 664 3401 .

418 3474 520 3547 Anno
546 3473 685 3547 Domini
705 3473 888 3555 tocxfltt.
915 3466 1076 3549 Hinrieua
1100 3498 1162 3549 rex
1186 3483 1302 3551 eontra
1325 3476 1494 3572 predictos

174 3617 564 3732 ffiffidfflstemptffiffl
584 3632 665 3684 snos
685 3610 864 3687 exercitum
881 3618 1002 3685 movet
1049 3629 1109 3700 Qua
1127 3627 1161 3686 te
1175 3647 1207 3686 re
1225 3625 1342 3686 sttrtdm
1359 3627 1495 3706 paterinus

320 3767 413 3807 eomes
431 3748 593 3807 interfectos
615 3746 746 3804 occubuit
764 3757 794 3804 ot
812 3746 974 3804 Wiebertus
997 3766 1014 3807 a
1030 3746 1144 3825 floyero
1167 3745 1202 3804 de
1217 3744 1355 3804 Mansietd
1377 3746 1492 3823 capitor.
1505 3747 1548 3803 30

319 3864 385 3965 Hie
398 3866 587 3943 Wiebertus
608 3864 796 3942 construxit
810 3865 1103 3942 cenobiumaaneti
1116 3862 1281 3938 tarentin
1295 3862 1435 3957 Pigavia
1446 3863 1495 3950 ⁶).

320 4061 347 4128 1)
364 4064 390 4111 8·
408 4063 486 4116 Thur.
504 4065 530 4111 S.
549 4059 627 4130 pdS.
920 4060 1005 4128 nicht,
1029 4065 1074 4115 wie
1095 4064 1128 4113 irn
1147 4066 1189 4114 Or.
1205 4061 1350 4128 angegeben
1366 4059 1444 4120 wird,
1469 4059 1496 4111 in

320 4143 348 4210 2)
363 4149 409 4195 Am
429 4143 469 4196 11.
480 4146 592 4197 Oktober
609 4145 683 4198 1110.
897 4167 900 4174 ·
921 4149 965 4198 das
981 4149 1041 4201 Jahn
1056 4147 1132 4199 1110.
1160 4150 1185 4198 S.
1200 4145 1324 4206 Schultes,
1341 4142 1435 4199 Direct,
1453 4144 1497 4195 di-

322 4227 350 4294 3)
368 4231 434 4278 Jetzt
458 4229 667 4285 Kloeterlauanitz
692 4231 734 4281 bei
760 4229 896 4297 Eioenberg
920 4231 998 4299 plom.
1010 4234 1041 4294 d,
1056 4250 1085 4298 p.
1097 4228 1155 4287 226,

322 4311 357 4362 im
371 4312 605 4380 Altenbnrgieehen.
921 4314 947 4379 5)
969 4315 1036 4368 Grai
1055 4315 1143 4370 Utrich
1166 4332 1217 4366 von
1231 4311 1346 4368 Weimar
1370 4330 1414 4369 aua
1438 4313 1496 4364 dem

322 4394 350 4461 4)
369 4396 436 4448 Laut
464 4397 510 4451 der
534 4397 809 4465 Schenkungeurkunde
837 4398 896 4453 salit
919 4399 1005 4453 Houee
1022 4397 1325 4456 ottamtnde-Weimer.

323 4478 392 4529 diese
407 4480 557 4548 Schenknolg
573 4478 600 4530 in
615 4479 661 4528 dea
677 4480 738 4530 Jahn
755 4478 826 4544 1109,
845 4482 896 4532 und
921 4477 948 4547 6)
962 4481 1059 4547 Pegau,
1077 4481 1218 4548 gegrtindet
1235 4481 1271 4534 im
1285 4483 1308 4535 J.
1326 4477 1400 4537 1096.
