3426 5096
885 232 928 300 d8

801 320 1004 332 .—

319 409 507 482 'l'urcorum
524 413 557 479 et
575 405 854 496 sarracenorum,
878 404 978 477 etiarn
996 403 1147 479 Saladini
1165 428 1202 477 ac
1221 402 1362 479 Soldani
1383 406 1492 503 hosti-

317 544 395 617 liter
417 566 454 615 ac
471 542 660 647 'cnrdeliter
684 542 859 614 devastant
872 541 918 633 1).
970 539 1053 613 Nam
1074 540 1163 613 idem
1185 539 1374 633 Soldan'us,
1396 544 1492 636 quic-

319 678 399 772 quid
423 677 514 771 pacis
544 684 578 749 et
604 655 819 772 benignitatis
844 650 1039 771 imperatori
1064 676 1286 770 promiserat,
1318 683 1432 750 toturn¹
1450 681 1493 752 de

318 812 543 902 simulacione,
568 817 677 883 totum
696 813 735 883 de
754 810 980 884 fraudulentia
994 812 1177 883 constabat.
1229 809 1313 883 Nam
1327 814 1493 887 exercitas

292 976 296 993 κ
318 947 567 1037 lerosolymam
588 945 796 1041 procinctus,
829 946 866 1017 in
891 970 949 1041 spe
974 948 1046 1041 ejus
1073 952 1106 1017 et
1130 944 1267 1036 fiducia,
1300 947 1342 1018 ad
1365 947 1521 1021 desertis

317 1081 490 1178 precipitio
515 1081 610 1173 quasi
637 1104 709 1153 cum
736 1104 853 1153 securo
880 1081 1044 1152 conductu
1069 1080 1269 1171 deveniens,
1301 1074 1492 1153 immaniter

318 1217 524 1313 periclitatas
546 1223 616 1306 est,
641 1216 689 1289 ita
711 1222 750 1288 ut
772 1215 829 1288 alii
848 1215 1057 1311 pestilentia,
1083 1214 1140 1287 alii
1159 1214 1278 1306 fame,
1291 1215 1349 1287 alii
1365 1216 1501 1289 moron

318 1352 550 1447 ingruentibus
575 1350 810 1422 miserabiliter
836 1351 1084 1440 occumberent,
1119 1351 1275 1443 ouoaiam
1298 1350 1432 1443 quidem
1457 1357 1502 1422 et.

320 1510 442 1581 equos,
469 1486 588 1578 quibus
606 1485 811 1575 insidebant,
837 1507 938 1557 more
951 1485 1117 1558 licitarum
1136 1485 1284 1557 carnium
1305 1487 1496 1557 commodo

319 1627 410 1711 runt,
436 1622 525 1692 etde
542 1620 635 1692 sellis
651 1620 722 1692 suis
738 1626 772 1691 et
783 1620 901 1714 clipeis
918 1619 1086 1693 famelicas
1100 1620 1328 1692 instaurantes
1345 1620 1490 1710 delicias,
1501 1645 1541 1700 ro

319 1755 478 1843 assandis¹
487 1761 520 1826 et
533 1755 712 1847 coquendis
726 1755 879 1827 carnibus
894 1754 1103 1849 parricomos
1115 1755 1163 1846 (l)
1176 1755 1343 1849 igniculos
1358 1758 1493 1850 compo·
1544 1784 1547 1789 ’

319 1895 469 1962 suerunt.
523 1891 670 1983 Cumque
690 1891 812 1963 circum
831 1896 988 1967 montana
1005 1890 1278 1962 laboriosissimis
1297 1890 1397 1961 tediis
1415 1889 1492 1960 binc

320 2026 397 2097 inde
419 2024 615 2115 deficerent,
641 2026 781 2120 gentiles
801 2027 841 2101 dc
859 2025 974 2097 Iconio
997 2049 1071 2111 curn
1094 2026 1254 2097 immensa
1279 2024 1490 2096 multitudine

322 2159 417 2253 quasi
429 2160 608 2232 latrunculi
622 2160 754 2261 quidem
765 2160 965 2254 prodierunt
978 2167 1011 2231 et
1024 2159 1203 2233 christiano
1219 2158 1388 2248 exercitui,
1404 2159 1491 2231 circa

319 2300 476 2366 montana
493 2294 656 2383 moranti,
681 2294 844 2366 insultare
864 2295 1035 2385 volentes,
1063 2296 1103 2365 de
1125 2295 1256 2366 obiectu
1277 2295 1411 2389 rupium
1436 2296 1542 2372 s‘e·15

320 2450 436 2501 curum
454 2450 622 2500 accessum
637 2452 706 2501 non
724 2428 921 2501 habuerunt.
974 2428 1262 2503 communicantes
1281 2430 1390 2521 itaque
1412 2453 1492 2501 eon·
1602 2517 1605 2521 .

320 2561 433 2633 silium
451 2561 635 2653 christiani,
660 2563 795 2636 ensibus
814 2564 950 2637 accincti
967 2572 1001 2637 et
1018 2565 1122 2660 galeis
1139 2565 1258 2653 induti,
1285 2565 1326 2635 ad
1340 2563 1492 2635 Iconium

321 2697 514 2792 capiendum
526 2699 563 2788 2)
581 2699 782 2771 unanimiter
805 2700 1170 2794 deproperaverunt‘3).
1222 2698 1309 2771 Pars
1333 2721 1412 2793 ergo
1436 2705 1495 2783 to-,

319 2833 397 2906 talis
417 2833 581 2905 exercitus
597 2835 640 2906 ad
662 2835 869 2930 occupandas
890 2835 1025 2925 valvas,
1051 2835 1093 2906 ad
1111 2833 1340 2907 suffodiendas
1364 2839 1492 2928 portas,

292 2936 296 2944 ἱ
320 2969 363 3041 ad
384 2968 628 3062 precipitandas
647 2970 793 3062 parietes
817 2970 985 3042 hostiliter
1007 2969 1219 3059 institerunt,
1245 2969 1374 3061 reliqua
1395 2974 1542 3062 partera

322 3101 485 3172 exercitus
512 3124 585 3171 cum
608 3103 728 3173 turmis
755 3103 929 3198 gentilium
953 3104 1175 3176 committente
1203 3100 1347 3198 prelium
1374 3110 1409 3175 et
1434 3091 1505 3175 cos

183 3286 190 3299 .
321 3234 464 3307 uiriliter
482 3243 701 3331 expugnante.
744 3237 864 3331 Sicque
880 3239 988 3334 portis
1005 3238 1170 3327 effractis,
1196 3238 1316 3332 gladiis
1337 3261 1492 3310 consum-

321 3370 407 3464 ptis,
433 3393 489 3441 res
510 3370 698 3445 'lurcorum
719 3381 963 3467 occupauerunt
979 3376 1058 3467 ets)
1075 3396 1138 3468 per
1161 3396 1220 3445 ser
1237 3394 1368 3445 menses
1386 3370 1492 3443 facud

321 3504 444 3576 tatibus
472 3518 588 3577 eorum
612 3506 712 3600 potiti
738 3513 827 3579 sunt
890 3508 956 3600 Qui
983 3532 1057 3580 curn
1080 3507 1227 3587 luissent
1251 3506 1337 3578 tanati
1359 3505 1491 3579 itineris

322 3638 513 3713 difficultate
526 3644 561 3730 ⁵)
580 3640 720 3713 confecti
736 3649 769 3713 et
783 3642 920 3737 plurimi
933 3643 1094 3737 temporis
1109 3642 1195 3715 fame
1209 3642 1377 3732 macerati,
1398 3640 1490 3734 quie-
1500 3666 1543 3720 25

322 3776 401 3870 qcrid
427 3776 610 3871 liquidum,
643 3776 800 3870 quicquid
825 3777 999 3852 inventum
1027 3784 1079 3850 est
1105 3776 1210 3851 fonsae
1234 3777 1399 3872 potabile,
1431 3799 1491 3870 pre

323 3990 348 4055 1)
364 3990 451 4040 Dieser
467 3995 539 4053 Sata,
565 3993 614 4041 den
633 3992 674 4042 ich
690 4010 740 4045 von
757 3995 894 4043 Grecornm
919 3994 979 4043 dum
995 4003 1136 4061 terramque
1152 4003 1279 4043 turcorum
1300 4000 1325 4040 et
1342 4004 1490 4040 sarraceno-

321 4090 353 4122 an
371 4073 490 4122 zuniichet
513 4074 578 4123 nach
592 4076 700 4124 Eccards
717 4077 782 4126 Hist.
798 4087 847 4126 ret.
863 4078 893 4127 L.
919 4094 973 4126 rum
988 4087 1129 4144 terramque
1145 4076 1252 4126 saladini
1266 4093 1296 4126 ac
1309 4072 1409 4124 soldani
1423 4071 1491 4122 host.

322 4155 371 4207 Th.
388 4152 497 4206 solata
512 4157 652 4206 verbessert
666 4157 746 4220 habe,
771 4160 850 4209 lautet
867 4159 893 4209 in
918 4178 948 4210 ac
965 4157 1217 4211 erud.'deractant.“

323 4254 421 4287 nneerm
430 4240 524 4288 Omso:
542 4266 594 4300 „-
608 4257 747 4305 grecorum,
766 4242 894 4292 brachium
918 4242 945 4308 2)
960 4244 1116 4309 capiendam.

322 4320 402 4370 sancti
417 4321 520 4387 Georgii
532 4321 599 4387 apud
617 4323 852 4392 Constantinopolin
866 4326 894 4375 in
918 4325 945 4392 3)
960 4325 992 4374 de
1009 4337 1214 4392 properaverunt.

322 4403 364 4454 die
374 4404 510 4470 palmarum
522 4423 567 4472 per
581 4415 663 4455 totam
676 4408 849 4474 septimaniam
859 4409 893 4458 il·
918 4407 945 4474 4)
959 4425 999 4458 ex.
1166 4469 1168 4477 γ

323 4487 373 4538 lam
391 4505 446 4538 cum
462 4488 571 4539 exercitu
593 4489 746 4555 signatorum
761 4501 829 4541 trans
847 4509 892 4542 ra·
919 4491 945 4557 5)
959 4491 1122 4546 diffacultate.
