3422 5094
698 331 701 337 ¹
803 205 846 305 ao

236 411 419 473 modicorum
443 412 631 472 sufficientiam
654 412 778 490 pecunie.
823 411 938 483 Quantis
958 422 987 470 et
1011 410 1106 490 quibus
1129 410 1207 472 donis
1229 430 1265 471 eo
1287 422 1411 491 tempore
1438 482 1441 487 Δ

237 514 584 593 Dominus-imperatorem
602 513 794 583 honoraverit,
817 512 877 590 quis
894 513 1034 590 explicare
1054 510 1159 590 possit?
1201 511 1322 584 Aurum,
1345 514 1412 592 iapi-

236 615 285 675 des
303 616 445 693 preciosos
469 616 553 693 iegati
574 614 722 672 attuierunt
737 612 853 682 Grecie,
876 631 937 671 eum
957 610 1125 672 diversorum
1144 614 1266 673 coiomm
1283 634 1412 692 purpura,

235 728 360 775 aromata
381 718 464 774 muita
487 718 566 775 nimis
586 728 615 774 et
628 717 652 785 ι)
677 716 706 772 iu
731 715 783 772 irae
805 725 879 772 terra
902 714 1035 773 hactenus
1059 716 1206 792 incognita.
1252 715 1365 774 Scilicet
1383 727 1412 774 et

207 817 294 878 5dna
311 819 425 877 Poionie
443 817 551 896 duaque
569 816 699 875 Bobemie
719 816 805 893 peiles
825 815 932 893 griseus
958 826 1039 894 atque
1060 813 1225 873 maedeiiuas
1246 835 1306 873 eum
1326 819 1411 875 variis

236 921 295 978 auri
312 931 341 980 et
362 920 471 997 argenti
489 918 656 995 aliarumque
676 918 857 994 pretiosarum
880 936 970 974 rerum
992 915 1148 974 muneribus
1169 926 1245 973 tauta
1261 916 1413 975 afferebant

236 1022 330 1098 copia,
353 1032 384 1078 ut
399 1020 488 1077 nulius
507 1029 668 1096 superesset
689 1019 856 1096 principum,
880 1019 947 1095 (qui)
966 1016 1009 1076 vel
1031 1016 1128 1075 ducem
1145 1017 1250 1075 iliorum
1267 1017 1310 1076 vei
1327 1018 1412 1096 impe·

236 1122 337 1179 ratoris
360 1121 517 1179 muneribus
541 1139 644 1179 senon
665 1118 801 1197 gauderet
820 1118 990 1176 honoratum.
1034 1117 1096 1176 Nec
1116 1118 1204 1176 minus
1227 1118 1301 1195 regis
1321 1117 1413 1196 Uaga·

236 1241 329 1280 rorum
345 1222 432 1281 nuntii
448 1223 641 1298 imperatorem
657 1206 716 1278 cual
733 1221 833 1278 ceteris
850 1220 1016 1298 principibus
1032 1220 1244 1291 letificaverunt3
1267 1220 1312 1297 qui
1326 1218 1413 1277 domi·

187 1325 226 1381 ld
238 1342 301 1381 num
320 1339 397 1380 suum
416 1319 451 1378 ad
473 1341 580 1380 omnem
596 1321 770 1400 imperatoris
787 1321 952 1379 voluntatem
969 1340 1029 1379 eum
1053 1321 1110 1378 suis
1128 1319 1251 1378 omnibus
1270 1321 1413 1398 paratissi-

236 1444 307 1481 mum
330 1423 495 1481 nuntiarunt.
547 1422 663 1482 Rursum
690 1423 841 1500 imperator
865 1423 967 1480 curiam
991 1441 1069 1480 suam
1094 1422 1167 1480 circa
1197 1421 1296 1480 festum
1324 1422 1412 1480 sancti

235 1523 379 1588 Michaelis
397 1524 424 1581 in
439 1518 591 1603 Thuringia
608 1525 635 1581 in
653 1524 716 1581 vilia
732 1524 810 1600 regia
825 1523 963 1581 Molbusin
980 1523 1082 1593 habuit,
1105 1522 1151 1580 ubi
1165 1520 1308 1580 Corradus
1325 1522 1413 1581 irater

236 1623 481 1699 Fridericiducis,
509 1627 554 1705 qui
578 1625 629 1695 sibi
653 1643 776 1702 regnum
789 1635 838 1681 aut
862 1625 966 1702 regium
990 1643 1088 1681 nomen
1112 1623 1267 1701 usurpavit,
1294 1623 1413 1700 gratiam

213 1752 216 1759 r
236 1727 408 1804 imperatoris
430 1727 582 1804 acquisivit.
625 1725 712 1796 Quem
727 1725 877 1802 imperator
894 1724 1011 1803 benigne
1029 1725 1180 1803 suscipiens
1198 1735 1228 1783 et
1247 1725 1338 1783 omnia
1358 1743 1412 1803 que

187 1830 225 1884 15
238 1824 319 1887 antea
335 1827 406 1885 iliius
424 1828 533 1886 inerunt
549 1826 685 1897 restituit,
708 1836 737 1884 et
757 1826 841 1903 regiis
859 1824 937 1884 donis
953 1826 1099 1884 honoravit
1116 1836 1145 1884 et
1165 1823 1200 1884 ad
1219 1827 1330 1905 propria
1351 1845 1412 1885 cnm
1438 1851 1479 1897 tol.
1492 1851 1538 1897 m.

234 1928 324 2005 gloria
346 1926 438 1986 redire
460 1928 596 2006 permisit.¹
661 1950 663 1955 ’

322 2030 429 2088 Ventus
452 2029 707 2087 vehementissimus
732 2038 761 2088 et
786 2029 918 2087 hactenus
939 2028 1093 2106 incognitus
1116 2047 1201 2087 naves
1227 2031 1325 2088 multas
1347 2030 1414 2093 snb·

236 2131 345 2201 mersit,
366 2130 473 2189 ediiieia
494 2130 610 2207 piurima
627 2128 780 2202 destruxit,
803 2130 919 2188 arbores
939 2130 1094 2187 fructuosas
1113 2116 1194 2206 atque
1209 2131 1351 2189 silvestres
1371 2133 1413 2188 in·

237 2251 364 2290 numeras
385 2230 496 2309 dejecit,
518 2231 557 2289 ita
574 2242 604 2289 ut
620 2232 667 2288 vix
682 2229 787 2290 decima
803 2250 868 2309 pars
885 2228 1051 2308 quarundam
1068 2231 1246 2289 remansisset
1264 2231 1412 2310 sylvarum.

185 2335 227 2390 20
322 2332 404 2391 Anao
417 2332 526 2391 Domini
539 2332 716 2392 MCXXXVl
732 2333 800 2409 lapis
814 2351 882 2389 unus
896 2329 1081 2409 magnitudine
1094 2332 1191 2409 eapitis
1204 2332 1320 2390 bominis
1331 2332 1413 2410 juxta
1425 2357 1455 2402 p,
1466 2369 1488 2402 ι,
1502 2357 1559 2401 lm.

237 2434 326 2492 iocum
344 2432 514 2513 Oldisiyben,
537 2434 583 2491 ubi
599 2444 643 2492 est
658 2433 767 2492 abbatia
786 2451 871 2511 prope
890 2432 1100 2510 Saebsenburg,
1124 2431 1223 2492 cecidit
1239 2431 1273 2491 de
1288 2433 1412 2504 nubibus,

236 2536 281 2613 qui
296 2545 330 2594 et
343 2533 415 2593 idem
435 2546 499 2593 tunc
516 2535 649 2613 temporis
668 2533 814 2611 diiigenter
830 2533 1036 2613 custodiebatur
1051 2553 1067 2591 a
1084 2533 1223 2593 iratribus.
1268 2533 1412 2594 Paridem

236 2647 342 2712 tempus
358 2638 524 2712 imperatore
541 2637 567 2692 in
584 2636 696 2693 civitate
708 2634 966 2712 Quedeiingeborch
980 2636 1118 2693 existento
1132 2637 1219 2694 visum
1235 2648 1279 2694 est
1294 2635 1414 2714 desuper

167 2772 171 2777 ψ
237 2735 373 2791 civitatem
390 2736 416 2790 in
433 2754 498 2793 aere
513 2734 648 2812 quoddam
663 2736 689 2792 in
707 2734 814 2792 modum
831 2736 906 2792 scale
922 2736 1104 2805 transvolare,
1127 2737 1207 2794 niveo
1225 2734 1333 2815 quidem
1349 2756 1413 2794 cor·

188 2839 229 2894 25
241 2853 325 2912 pore,
348 2832 399 2892 sed
417 2833 501 2892 rubro
526 2834 638 2891 rutilare
654 2837 754 2911 capite.
798 2834 905 2891 Testati
923 2853 1030 2911 qnoque
1049 2846 1111 2893 suut
1127 2855 1180 2892 non
1199 2837 1292 2912 pauci,
1315 2835 1413 2895 eodem

237 2946 360 3013 tompore
385 2953 416 2992 se
442 2932 544 2992 vidisse
570 2934 648 3013 quasi
672 2953 780 2990 crucem
802 2933 885 2990 rubro
909 2934 1003 2990 colore
1025 2953 1168 2992 coruscam
1178 2936 1207 3007 2)
1235 2934 1269 2993 de
1293 2937 1354 2994 celo
1377 2933 1413 2995 ad

237 3022 329 3093 terras
346 3033 540 3105 descendisse,
564 3045 593 3093 et
611 3055 664 3092 non
682 3035 776 3112 procul
793 3022 905 3092 aberra
921 3033 1084 3112 aliquamdiu
1106 3036 1132 3092 in
1151 3056 1216 3095 acre
1233 3036 1411 3115 pependisse,

238 3134 289 3194 sati
306 3155 400 3199 rursus
418 3134 453 3193 ad
470 3137 546 3194 celos
565 3124 720 3205 remeante,
743 3146 819 3193 tanta
832 3137 859 3207 ³)
884 3135 952 3194 lueis
972 3155 1021 3194 aar
1036 3136 1207 3215 resplenduit
1222 3139 1360 3211 claritate,
1383 3151 1414 3198 ut

236 3237 325 3295 nulius
349 3237 508 3295 intuentium
531 3236 568 3295 ad
590 3237 662 3295 bunc
686 3236 906 3315 perspicientium
930 3248 1076 3317 laturiquam¹
1089 3250 1185 3298 contra
1210 3240 1277 3299 solis
1297 3239 1412 3313 radium,

184 3346 227 3402 ὅθ
240 3340 326 3399 usum
349 3337 506 3417 prevaleret
530 3336 691 3398 obtendere.
734 3336 892 3417 Leopoldus
912 3358 980 3398 vero
1003 3340 1125 3399 marchio
1150 3342 1177 3400 in
1198 3343 1343 3402 venatione
1364 3363 1413 3403 oe·

238 3440 344 3500 eiditur.

321 3541 516 3621 imperatorin
535 3541 639 3599 ltaliam
661 3538 782 3600 secundo
807 3541 991 3619 proficiscitur
1002 3542 1048 3616 ⁴),
1072 3554 1100 3602 et
1116 3543 1207 3603 divina
1223 3564 1313 3604 rerum
1330 3548 1413 3605 mira·

235 3643 282 3700 biii
301 3644 487 3722 prosperitate
509 3643 597 3701 iratus
619 3643 724 3721 gratia,
747 3662 810 3700 cum
830 3644 924 3719 paucis
947 3663 1163 3723 quaqueversum
1183 3645 1273 3705 victor
1293 3666 1411 3725 progre-

237 3742 317 3804 ditur.
362 3742 504 3822 Apuliam,
528 3764 607 3823 quam
627 3740 782 3821 liudigerus
805 3743 958 3801 Siculorum
983 3742 1038 3803 dux
1057 3747 1132 3823 prius
1153 3746 1305 3815 invaserat,
1318 3747 1411 3809 ,armis

186 3853 227 3908 55
239 3845 328 3922 cepit,
354 3863 470 3924 cumque
492 3844 549 3922 juri
575 3842 649 3903 sedis
673 3843 826 3922 apostolice
847 3843 975 3903 restitnit.
1020 3844 1051 3903 ln
1072 3865 1125 3924 qua
1146 3844 1322 3924 expeditione
1338 3846 1412 3906 Brun

238 3944 410 4005 coloniensis
433 3938 657 4024 archiepiscopus
680 3944 747 4002 obiit
768 3956 798 4002 et
818 3943 898 4002 Baris
921 3945 1061 4022 sepelitur.

323 4045 481 4129 (Letharius
505 4049 656 4126 imperator
678 4044 713 4104 de
731 4044 809 4103 italia
830 4047 993 4119 revertitur3
1023 4044 1073 4106 scd
1095 4064 1155 4105 cunr
1176 4047 1320 4109 Germanic
1343 4051 1411 4113 lines

240 4144 363 4218 intraret,
386 4147 501 4228 dumque
517 4150 653 4227 principes
670 4145 742 4232 apud
755 4147 919 4227 Wirziburg
935 4149 1006 4207 iilius
1021 4149 1240 4231 prestolarentur
1256 4138 1410 4224 adveutum,

240 4341 268 4405 il
283 4354 339 4408 qun.
355 4362 358 4369 ‚
385 4362 401 4384 u
836 4345 865 4413 ii)
880 4356 973 4398 tantm.

240 4423 268 4492 ’2)
283 4441 423 4479 coruscam.
838 4429 865 4499 4)
882 4433 955 4483 Diese
968 4433 1061 4486 Worte
1079 4432 1165 4484 febien
1182 4432 1216 4482 im
1234 4435 1275 4487 Or.
