<?xml version="1.0" encoding="UTF-8"?>
<!DOCTYPE html PUBLIC "-//W3C//DTD XHTML 1.0 Transitional//EN"
    "http://www.w3.org/TR/xhtml1/DTD/xhtml1-transitional.dtd">
<html xmlns="http://www.w3.org/1999/xhtml" xml:lang="en" lang="en">
 <head>
  <title>
</title>
<meta http-equiv="Content-Type" content="text/html;charset=utf-8" />
  <meta name='ocr-system' content='tesseract 3.04.00' />
  <meta name='ocr-capabilities' content='ocr_page ocr_carea ocr_par ocr_line ocrx_word'/>
</head>
<body>
  <div class='ocr_page' id='page_1' title='image "annalesreinhard00germgoog_0057.png"; bbox 0 0 3422 5094; ppageno 0'>
   <div class='ocr_carea' id='block_1_1' title="bbox 802 274 834 336">
    <p class='ocr_par' dir='ltr' id='par_1_1' title="bbox 802 274 834 336">
     <span class='ocr_line' id='line_1_1' title="bbox 802 274 834 336; baseline -0.031 0"><span class='ocrx_word' id='word_1_1' title='bbox 802 274 834 336; x_wconf 95' lang='grc'>11</span> 
     </span>
    </p>
   </div>
   <div class='ocr_carea' id='block_1_2' title="bbox 179 421 1530 2571">
    <p class='ocr_par' dir='ltr' id='par_1_2' title="bbox 179 421 1530 2571">
     <span class='ocr_line' id='line_1_2' title="bbox 230 421 1404 538; baseline 0.001 -20"><span class='ocrx_word' id='word_1_2' title='bbox 230 443 432 518; x_wconf 81' lang='lat' dir='ltr'>marchionis</span> <span class='ocrx_word' id='word_1_3' title='bbox 448 446 488 517; x_wconf 92' lang='lat' dir='ltr'>de</span> <span class='ocrx_word' id='word_1_4' title='bbox 505 432 652 536; x_wconf 85' lang='lat' dir='ltr'>llissen,</span> <span class='ocrx_word' id='word_1_5' title='bbox 688 451 723 515; x_wconf 89' lang='lat' dir='ltr'>et</span> <span class='ocrx_word' id='word_1_6' title='bbox 739 442 850 533; x_wconf 84' lang='lat' dir='ltr'>Adyle</span> <span class='ocrx_word' id='word_1_7' title='bbox 866 444 1058 538; x_wconf 86' lang='lat' dir='ltr'>progenuit</span> <span class='ocrx_word' id='word_1_8' title='bbox 1108 444 1181 518; x_wconf 89' lang='lat' dir='ltr'>Hec</span> <span class='ocrx_word' id='word_1_9' title='bbox 1197 421 1404 535; x_wconf 81' lang='lat' dir='ltr'>Adelheydis</span> 
     </span>
     <span class='ocr_line' id='line_1_3' title="bbox 228 576 1402 672; baseline -0.001 -18"><span class='ocrx_word' id='word_1_10' title='bbox 228 579 294 654; x_wconf 82' lang='lat' dir='ltr'>fuit</span> <span class='ocrx_word' id='word_1_11' title='bbox 310 579 482 654; x_wconf 79' lang='lat' dir='ltr'><strong>fundatrix</strong></span> <span class='ocrx_word' id='word_1_12' title='bbox 503 580 630 653; x_wconf 89' lang='lat' dir='ltr'>cenobii</span> <span class='ocrx_word' id='word_1_13' title='bbox 643 579 680 651; x_wconf 91' lang='lat' dir='ltr'>in</span> <span class='ocrx_word' id='word_1_14' title='bbox 698 576 927 668; x_wconf 81' lang='lat' dir='ltr'>Oldysleyben</span> <span class='ocrx_word' id='word_1_15' title='bbox 941 577 986 671; x_wconf 78' lang='lat'>1).</span> <span class='ocrx_word' id='word_1_16' title='bbox 1041 577 1146 671; x_wconf 76' lang='lat' dir='ltr'>Quam</span> <span class='ocrx_word' id='word_1_17' title='bbox 1159 579 1402 672; x_wconf 82' lang='lat' dir='ltr'>Adelbeydam,</span> 
     </span>
     <span class='ocr_line' id='line_1_4' title="bbox 187 690 1402 812; baseline -0.001 -24"><span class='ocrx_word' id='word_1_18' title='bbox 187 690 191 703; x_wconf 44' lang='lat'><strong><em>¹</em></strong></span> <span class='ocrx_word' id='word_1_19' title='bbox 228 723 269 788; x_wconf 83' lang='lat' dir='ltr'>ut</span> <span class='ocrx_word' id='word_1_20' title='bbox 280 717 467 812; x_wconf 87' lang='lat' dir='ltr'>predictum</span> <span class='ocrx_word' id='word_1_21' title='bbox 487 722 557 807; x_wconf 90' lang='lat' dir='ltr'>est,</span> <span class='ocrx_word' id='word_1_22' title='bbox 592 714 794 789; x_wconf 87' lang='lat' dir='ltr'>Ludewicus</span> <span class='ocrx_word' id='word_1_23' title='bbox 818 736 928 786; x_wconf 90' lang='lat' dir='ltr'>comes</span> <span class='ocrx_word' id='word_1_24' title='bbox 953 713 1017 786; x_wconf 85' lang='lat' dir='ltr'>sibi</span> <span class='ocrx_word' id='word_1_25' title='bbox 1034 716 1207 811; x_wconf 79' lang='lat' dir='ltr'>conjunxit</span> <span class='ocrx_word' id='word_1_26' title='bbox 1226 721 1259 787; x_wconf 91' lang='lat' dir='ltr'>et</span> <span class='ocrx_word' id='word_1_27' title='bbox 1276 739 1350 787; x_wconf 92' lang='lat' dir='ltr'>cum</span> <span class='ocrx_word' id='word_1_28' title='bbox 1364 739 1402 788; x_wconf 91' lang='lat' dir='ltr'>ea</span> 
     </span>
     <span class='ocr_line' id='line_1_5' title="bbox 229 843 1403 947; baseline 0 -24"><span class='ocrx_word' id='word_1_29' title='bbox 229 843 533 926; x_wconf 82' lang='lat' dir='ltr'>infinitissimorum</span> <span class='ocrx_word' id='word_1_30' title='bbox 566 850 759 947; x_wconf 87' lang='lat' dir='ltr'>prediorum</span> <span class='ocrx_word' id='word_1_31' title='bbox 795 848 962 944; x_wconf 87' lang='lat' dir='ltr'>stipendia</span> <span class='ocrx_word' id='word_1_32' title='bbox 998 873 1071 921; x_wconf 93' lang='lat' dir='ltr'>cum</span> <span class='ocrx_word' id='word_1_33' title='bbox 1105 849 1403 924; x_wconf 74' lang='lat' dir='ltr'>innumerabilibus</span> 
     </span>
     <span class='ocr_line' id='line_1_6' title="bbox 188 972 1404 1085; baseline -0.002 -25"><span class='ocrx_word' id='word_1_34' title='bbox 188 1015 207 1068; x_wconf 78' lang='lat' dir='ltr'>a</span> <span class='ocrx_word' id='word_1_35' title='bbox 229 988 402 1085; x_wconf 90' lang='lat' dir='ltr'>mancipiis</span> <span class='ocrx_word' id='word_1_36' title='bbox 422 988 486 1061; x_wconf 89' lang='lat' dir='ltr'>sibi</span> <span class='ocrx_word' id='word_1_37' title='bbox 513 985 726 1059; x_wconf 77' lang='lat' dir='ltr'>hereditavit.</span> <span class='ocrx_word' id='word_1_38' title='bbox 777 982 819 1056; x_wconf 92' lang='lat' dir='ltr'>In</span> <span class='ocrx_word' id='word_1_39' title='bbox 845 984 997 1079; x_wconf 84' lang='lat' dir='ltr'>partibus</span> <span class='ocrx_word' id='word_1_40' title='bbox 1017 972 1157 1078; x_wconf 80' lang='lat' dir='ltr'>quoque</span> <span class='ocrx_word' id='word_1_41' title='bbox 1173 985 1332 1076; x_wconf 88' lang='lat' dir='ltr'>orientis,</span> <span class='ocrx_word' id='word_1_42' title='bbox 1367 984 1404 1057; x_wconf 91' lang='lat' dir='ltr'>in</span> 
     </span>
     <span class='ocr_line' id='line_1_7' title="bbox 230 1118 1405 1216; baseline -0.003 -21"><span class='ocrx_word' id='word_1_43' title='bbox 230 1122 278 1195; x_wconf 87' lang='lat' dir='ltr'>eis</span> <span class='ocrx_word' id='word_1_44' title='bbox 298 1122 472 1212; x_wconf 88' lang='lat' dir='ltr'>terminis,</span> <span class='ocrx_word' id='word_1_45' title='bbox 507 1121 680 1214; x_wconf 87' lang='lat' dir='ltr'>inquibus</span> <span class='ocrx_word' id='word_1_46' title='bbox 701 1119 824 1194; x_wconf 77' lang='grc'>11111111</span> <span class='ocrx_word' id='word_1_47' title='bbox 840 1118 985 1192; x_wconf 87' lang='lat' dir='ltr'>Unstrot</span> <span class='ocrx_word' id='word_1_48' title='bbox 1006 1120 1194 1216; x_wconf 75' lang='lat' dir='ltr'>ingreditur</span> <span class='ocrx_word' id='word_1_49' title='bbox 1209 1119 1405 1194; x_wconf 81' lang='lat' dir='ltr'>Salamllu·</span> 
     </span>
     <span class='ocr_line' id='line_1_8' title="bbox 229 1255 1405 1355; baseline -0.003 -25"><span class='ocrx_word' id='word_1_50' title='bbox 229 1257 339 1355; x_wconf 86' lang='lat' dir='ltr'>vium,</span> <span class='ocrx_word' id='word_1_51' title='bbox 373 1255 628 1328; x_wconf 87' lang='lat' dir='ltr'>minutissimam</span> <span class='ocrx_word' id='word_1_52' title='bbox 642 1255 677 1351; x_wconf 73' lang='grc'>2)</span> <span class='ocrx_word' id='word_1_53' title='bbox 703 1257 820 1327; x_wconf 89' lang='lat' dir='ltr'>urbem</span> <span class='ocrx_word' id='word_1_54' title='bbox 847 1263 1064 1351; x_wconf 87' lang='lat' dir='ltr'>cognomento</span> <span class='ocrx_word' id='word_1_55' title='bbox 1090 1257 1317 1352; x_wconf 74' lang='lat' dir='ltr'>Nuenborg3)</span> <span class='ocrx_word' id='word_1_56' title='bbox 1350 1256 1405 1328; x_wconf 91' lang='lat' dir='ltr'>in-</span> 
     </span>
     <span class='ocr_line' id='line_1_9' title="bbox 230 1391 1410 1496; baseline -0.002 -31"><span class='ocrx_word' id='word_1_57' title='bbox 230 1393 360 1482; x_wconf 87' lang='lat' dir='ltr'>stituit,</span> <span class='ocrx_word' id='word_1_58' title='bbox 393 1415 497 1486; x_wconf 87' lang='lat' dir='ltr'>prope</span> <span class='ocrx_word' id='word_1_59' title='bbox 519 1392 690 1465; x_wconf 76' lang='lat' dir='ltr'>deitatem</span> <span class='ocrx_word' id='word_1_60' title='bbox 705 1414 844 1488; x_wconf 82' lang='lat' dir='ltr'>parvam</span> <span class='ocrx_word' id='word_1_61' title='bbox 862 1391 988 1464; x_wconf 89' lang='lat' dir='ltr'>scilicet</span> <span class='ocrx_word' id='word_1_62' title='bbox 1002 1391 1171 1487; x_wconf 69' lang='lat' dir='ltr'>l‘riborg,</span> <span class='ocrx_word' id='word_1_63' title='bbox 1209 1414 1290 1483; x_wconf 90' lang='lat' dir='ltr'>que,</span> <span class='ocrx_word' id='word_1_64' title='bbox 1323 1415 1410 1496; x_wconf 23' lang='lat' dir='ltr'>sepe·</span> 
     </span>
     <span class='ocr_line' id='line_1_10' title="bbox 229 1524 1404 1623; baseline 0.001 -24"><span class='ocrx_word' id='word_1_65' title='bbox 229 1527 434 1622; x_wconf 87' lang='lat' dir='ltr'>principibus</span> <span class='ocrx_word' id='word_1_66' title='bbox 453 1527 593 1601; x_wconf 90' lang='lat' dir='ltr'>orientis</span> <span class='ocrx_word' id='word_1_67' title='bbox 618 1534 784 1601; x_wconf 89' lang='lat' dir='ltr'>terrorem</span> <span class='ocrx_word' id='word_1_68' title='bbox 798 1527 978 1622; x_wconf 84' lang='lat' dir='ltr'>ingerens,</span> <span class='ocrx_word' id='word_1_69' title='bbox 1001 1524 1145 1599; x_wconf 85' lang='lat' dir='ltr'>Saxonie</span> <span class='ocrx_word' id='word_1_70' title='bbox 1167 1534 1206 1599; x_wconf 86' lang='lat' dir='ltr'>et</span> <span class='ocrx_word' id='word_1_71' title='bbox 1219 1526 1404 1623; x_wconf 74' lang='lat' dir='ltr'>Thuringie</span> 
     </span>
     <span class='ocr_line' id='line_1_11' title="bbox 179 1661 1404 1767; baseline -0.001 -31"><span class='ocrx_word' id='word_1_72' title='bbox 179 1661 507 1736; x_wconf 80' lang='lat' dir='ltr'>locircnmsedentes</span> <span class='ocrx_word' id='word_1_73' title='bbox 524 1662 699 1759; x_wconf 82' lang='lat' dir='ltr'>indigenas</span> <span class='ocrx_word' id='word_1_74' title='bbox 714 1685 820 1756; x_wconf 88' lang='lat' dir='ltr'>usque</span> <span class='ocrx_word' id='word_1_75' title='bbox 836 1661 1034 1767; x_wconf 88' lang='lat' dir='ltr'>hodiernum</span> <span class='ocrx_word' id='word_1_76' title='bbox 1047 1662 1229 1740; x_wconf 84' lang='lat' dir='ltr'>honorifice</span> <span class='ocrx_word' id='word_1_77' title='bbox 1246 1663 1404 1759; x_wconf 78' lang='lat' dir='ltr'>proterit</span> 
     </span>
     <span class='ocr_line' id='line_1_12' title="bbox 230 1796 1404 1893; baseline 0.002 -23"><span class='ocrx_word' id='word_1_78' title='bbox 230 1797 295 1891; x_wconf 73' lang='lat' dir='ltr'>Qui</span> <span class='ocrx_word' id='word_1_79' title='bbox 317 1798 421 1870; x_wconf 90' lang='lat' dir='ltr'>etiam</span> <span class='ocrx_word' id='word_1_80' title='bbox 439 1796 665 1893; x_wconf 82' lang='lat' dir='ltr'>imperialibus</span> <span class='ocrx_word' id='word_1_81' title='bbox 687 1798 814 1893; x_wconf 89' lang='lat' dir='ltr'>prediis</span> <span class='ocrx_word' id='word_1_82' title='bbox 837 1805 906 1870; x_wconf 87' lang='lat' dir='ltr'>tam</span> <span class='ocrx_word' id='word_1_83' title='bbox 927 1798 1048 1870; x_wconf 90' lang='lat' dir='ltr'>acriter</span> <span class='ocrx_word' id='word_1_84' title='bbox 1070 1798 1195 1870; x_wconf 83' lang='lat' dir='ltr'>institit</span> <span class='ocrx_word' id='word_1_85' title='bbox 1221 1804 1255 1870; x_wconf 88' lang='lat' dir='ltr'>et</span> <span class='ocrx_word' id='word_1_86' title='bbox 1270 1798 1404 1889; x_wconf 78' lang='lat' dir='ltr'>infestis</span> 
     </span>
     <span class='ocr_line' id='line_1_13' title="bbox 226 1932 1405 2030; baseline -0.001 -23"><span class='ocrx_word' id='word_1_87' title='bbox 226 1932 356 2008; x_wconf 81' lang='lat' dir='ltr'>viribus</span> <span class='ocrx_word' id='word_1_88' title='bbox 372 1933 601 2005; x_wconf 84' lang='lat' dir='ltr'>indesinenter</span> <span class='ocrx_word' id='word_1_89' title='bbox 626 1933 769 2006; x_wconf 91' lang='lat' dir='ltr'>occurrit</span> <span class='ocrx_word' id='word_1_90' title='bbox 777 1935 836 2026; x_wconf 83' lang='lat'>4),</span> <span class='ocrx_word' id='word_1_91' title='bbox 871 1934 975 2005; x_wconf 91' lang='lat' dir='ltr'>donec</span> <span class='ocrx_word' id='word_1_92' title='bbox 996 1934 1037 2006; x_wconf 93' lang='lat' dir='ltr'>ad</span> <span class='ocrx_word' id='word_1_93' title='bbox 1052 1935 1184 2030; x_wconf 89' lang='lat' dir='ltr'>plenam</span> <span class='ocrx_word' id='word_1_94' title='bbox 1202 1933 1405 2029; x_wconf 85' lang='lat' dir='ltr'>recognitio-</span> 
     </span>
     <span class='ocr_line' id='line_1_14' title="bbox 226 2052 1403 2163; baseline 0 -24"><span class='ocrx_word' id='word_1_95' title='bbox 226 2092 304 2140; x_wconf 89' lang='lat' dir='ltr'>nem</span> <span class='ocrx_word' id='word_1_96' title='bbox 319 2067 396 2140; x_wconf 89' lang='lat' dir='ltr'>initi</span> <span class='ocrx_word' id='word_1_97' title='bbox 415 2067 540 2140; x_wconf 84' lang='lat' dir='ltr'>federis</span> <span class='ocrx_word' id='word_1_98' title='bbox 558 2052 777 2163; x_wconf 88' lang='lat' dir='ltr'>imperatoris</span> <span class='ocrx_word' id='word_1_99' title='bbox 796 2074 831 2140; x_wconf 91' lang='lat' dir='ltr'>et</span> <span class='ocrx_word' id='word_1_100' title='bbox 849 2068 979 2139; x_wconf 89' lang='lat' dir='ltr'>comitis</span> <span class='ocrx_word' id='word_1_101' title='bbox 997 2054 1064 2161; x_wconf 88' lang='lat' dir='ltr'>ipsi</span> <span class='ocrx_word' id='word_1_102' title='bbox 1081 2069 1204 2140; x_wconf 85' lang='lat' dir='ltr'>&#39;comiti</span> <span class='ocrx_word' id='word_1_103' title='bbox 1222 2069 1403 2163; x_wconf 80' lang='lat' dir='ltr'>largicione</span> 
     </span>
     <span class='ocr_line' id='line_1_15' title="bbox 226 2202 1530 2309; baseline -0.005 -34"><span class='ocrx_word' id='word_1_104' title='bbox 226 2204 319 2300; x_wconf 87' lang='lat' dir='ltr'>regia</span> <span class='ocrx_word' id='word_1_105' title='bbox 334 2212 481 2277; x_wconf 89' lang='lat' dir='ltr'>castrum</span> <span class='ocrx_word' id='word_1_106' title='bbox 495 2203 708 2298; x_wconf 85' lang='lat' dir='ltr'>Eclrersberg</span> <span class='ocrx_word' id='word_1_107' title='bbox 720 2202 755 2297; x_wconf 64' lang='grc'>5’)</span> <span class='ocrx_word' id='word_1_108' title='bbox 779 2203 892 2275; x_wconf 91' lang='lat' dir='ltr'>stabili</span> <span class='ocrx_word' id='word_1_109' title='bbox 906 2202 992 2299; x_wconf 84' lang='lat' dir='ltr'>jure</span> <span class='ocrx_word' id='word_1_110' title='bbox 1006 2204 1194 2309; x_wconf 80' lang='lat' dir='ltr'>delegatum</span> <span class='ocrx_word' id='word_1_111' title='bbox 1218 2209 1280 2275; x_wconf 88' lang='lat' dir='ltr'>est.</span> <span class='ocrx_word' id='word_1_112' title='bbox 1331 2202 1403 2276; x_wconf 86' lang='lat' dir='ltr'>De·</span> <span class='ocrx_word' id='word_1_113' title='bbox 1428 2226 1530 2272; x_wconf 65' lang='grc'>111111.</span> 
     </span>
     <span class='ocr_line' id='line_1_16' title="bbox 179 2336 1403 2435; baseline 0.006 -31"><span class='ocrx_word' id='word_1_114' title='bbox 179 2339 328 2432; x_wconf 79' lang='lat' dir='ltr'>unique</span> <span class='ocrx_word' id='word_1_115' title='bbox 348 2340 437 2411; x_wconf 91' lang='lat' dir='ltr'>idem</span> <span class='ocrx_word' id='word_1_116' title='bbox 464 2362 574 2413; x_wconf 91' lang='lat' dir='ltr'>comes</span> <span class='ocrx_word' id='word_1_117' title='bbox 593 2363 707 2435; x_wconf 91' lang='lat' dir='ltr'>pacem</span> <span class='ocrx_word' id='word_1_118' title='bbox 726 2338 949 2430; x_wconf 78' lang='lat' dir='ltr'>nanciscitur,</span> <span class='ocrx_word' id='word_1_119' title='bbox 981 2337 1117 2433; x_wconf 89' lang='lat' dir='ltr'>suisque</span> <span class='ocrx_word' id='word_1_120' title='bbox 1136 2338 1290 2411; x_wconf 83' lang='lat' dir='ltr'>terminis</span> <span class='ocrx_word' id='word_1_121' title='bbox 1303 2336 1403 2412; x_wconf 84' lang='lat' dir='ltr'>utro-</span> 
     </span>
     <span class='ocr_line' id='line_1_17' title="bbox 225 2462 1076 2571; baseline 0 -24"><span class='ocrx_word' id='word_1_122' title='bbox 225 2474 324 2569; x_wconf 85' lang='lat' dir='ltr'>bique</span> <span class='ocrx_word' id='word_1_123' title='bbox 350 2466 496 2571; x_wconf 86' lang='lat' dir='ltr'>pacatis,</span> <span class='ocrx_word' id='word_1_124' title='bbox 521 2476 570 2547; x_wconf 90' lang='lat' dir='ltr'>in</span> <span class='ocrx_word' id='word_1_125' title='bbox 584 2475 710 2547; x_wconf 89' lang='lat' dir='ltr'>cunctis</span> <span class='ocrx_word' id='word_1_126' title='bbox 725 2476 820 2546; x_wconf 88' lang='lat' dir='ltr'>bene</span> <span class='ocrx_word' id='word_1_127' title='bbox 846 2462 1076 2570; x_wconf 86' lang='lat' dir='ltr'>prosperatur.</span> 
     </span>
    </p>
   </div>
   <div class='ocr_carea' id='block_1_3' title="bbox 226 2606 1403 2973">
    <p class='ocr_par' dir='ltr' id='par_1_3' title="bbox 226 2606 1403 2973">
     <span class='ocr_line' id='line_1_18' title="bbox 328 2606 1403 2704; baseline -0.001 -21"><span class='ocrx_word' id='word_1_128' title='bbox 328 2610 429 2684; x_wconf 82' lang='lat' dir='ltr'>Anno</span> <span class='ocrx_word' id='word_1_129' title='bbox 444 2610 582 2682; x_wconf 84' lang='lat' dir='ltr'>Domini</span> <span class='ocrx_word' id='word_1_130' title='bbox 595 2606 774 2683; x_wconf 65' lang='lat' dir='ltr'>manv.</span> <span class='ocrx_word' id='word_1_131' title='bbox 789 2610 825 2704; x_wconf 75' lang='grc'>6)</span> <span class='ocrx_word' id='word_1_132' title='bbox 850 2609 1058 2701; x_wconf 83' lang='lat' dir='ltr'>Adelheydis</span> <span class='ocrx_word' id='word_1_133' title='bbox 1075 2630 1214 2683; x_wconf 89' lang='lat' dir='ltr'>consors</span> <span class='ocrx_word' id='word_1_134' title='bbox 1230 2606 1403 2683; x_wconf 76' lang='lat' dir='ltr'>Ludewici</span> 
     </span>
     <span class='ocr_line' id='line_1_19' title="bbox 226 2743 1403 2839; baseline -0.001 -23"><span class='ocrx_word' id='word_1_135' title='bbox 226 2743 356 2816; x_wconf 87' lang='lat' dir='ltr'>comitis</span> <span class='ocrx_word' id='word_1_136' title='bbox 375 2745 525 2839; x_wconf 87' lang='lat' dir='ltr'>suscepit.</span> <span class='ocrx_word' id='word_1_137' title='bbox 543 2746 583 2816; x_wconf 89' lang='lat' dir='ltr'>ab</span> <span class='ocrx_word' id='word_1_138' title='bbox 602 2767 640 2815; x_wconf 93' lang='lat' dir='ltr'>eo</span> <span class='ocrx_word' id='word_1_139' title='bbox 655 2744 871 2816; x_wconf 86' lang='lat' dir='ltr'>Ludewicum</span> <span class='ocrx_word' id='word_1_140' title='bbox 893 2745 1136 2838; x_wconf 81' lang='lat' dir='ltr'>lantgravium,</span> <span class='ocrx_word' id='word_1_141' title='bbox 1169 2743 1269 2838; x_wconf 87' lang='lat' dir='ltr'>hujus</span> <span class='ocrx_word' id='word_1_142' title='bbox 1294 2746 1403 2815; x_wconf 82' lang='lat' dir='ltr'>nomi-</span> 
     </span>
     <span class='ocr_line' id='line_1_20' title="bbox 226 2876 1402 2973; baseline 0 -23"><span class='ocrx_word' id='word_1_143' title='bbox 226 2878 280 2951; x_wconf 91' lang='lat' dir='ltr'>nis</span> <span class='ocrx_word' id='word_1_144' title='bbox 295 2876 440 2973; x_wconf 85' lang='lat' dir='ltr'>primurn</span> <span class='ocrx_word' id='word_1_145' title='bbox 455 2877 491 2948; x_wconf 91' lang='lat' dir='ltr'>in</span> <span class='ocrx_word' id='word_1_146' title='bbox 503 2876 689 2971; x_wconf 80' lang='lat' dir='ltr'>Thuringia</span> <span class='ocrx_word' id='word_1_147' title='bbox 702 2876 905 2971; x_wconf 86' lang='lat' dir='ltr'>principem,</span> <span class='ocrx_word' id='word_1_148' title='bbox 931 2876 1108 2948; x_wconf 90' lang='lat' dir='ltr'>Hinricum</span> <span class='ocrx_word' id='word_1_149' title='bbox 1122 2877 1284 2971; x_wconf 86' lang='lat' dir='ltr'>Respem,</span> <span class='ocrx_word' id='word_1_150' title='bbox 1310 2876 1402 2950; x_wconf 81' lang='lat' dir='ltr'>Her-</span> 
     </span>
    </p>
   </div>
   <div class='ocr_carea' id='block_1_4' title="bbox 177 3010 1402 3247">
    <p class='ocr_par' dir='ltr' id='par_1_4' title="bbox 177 3010 1402 3247">
     <span class='ocr_line' id='line_1_21' title="bbox 177 3010 1402 3105; baseline 0.001 -20"><span class='ocrx_word' id='word_1_151' title='bbox 177 3031 404 3103; x_wconf 72' lang='lat' dir='ltr'>ecmannum,</span> <span class='ocrx_word' id='word_1_152' title='bbox 437 3011 494 3105; x_wconf 92' lang='lat' dir='ltr'>qui</span> <span class='ocrx_word' id='word_1_153' title='bbox 519 3012 601 3085; x_wconf 89' lang='lat' dir='ltr'>obiit</span> <span class='ocrx_word' id='word_1_154' title='bbox 626 3012 663 3085; x_wconf 93' lang='lat' dir='ltr'>in</span> <span class='ocrx_word' id='word_1_155' title='bbox 688 3011 830 3087; x_wconf 75' lang='lat' dir='ltr'>vinculis</span> <span class='ocrx_word' id='word_1_156' title='bbox 856 3012 892 3085; x_wconf 91' lang='lat' dir='ltr'>in</span> <span class='ocrx_word' id='word_1_157' title='bbox 919 3017 1028 3085; x_wconf 91' lang='lat' dir='ltr'>castro</span> <span class='ocrx_word' id='word_1_158' title='bbox 1055 3010 1335 3105; x_wconf 82' lang='lat' dir='ltr'>Hammersteyn,</span> <span class='ocrx_word' id='word_1_159' title='bbox 1365 3021 1402 3087; x_wconf 91' lang='lat' dir='ltr'>et</span> 
     </span>
     <span class='ocr_line' id='line_1_22' title="bbox 223 3146 1401 3247; baseline -0.001 -23"><span class='ocrx_word' id='word_1_160' title='bbox 223 3149 391 3239; x_wconf 88' lang='lat' dir='ltr'>Udonem,</span> <span class='ocrx_word' id='word_1_161' title='bbox 414 3146 615 3239; x_wconf 82' lang='lat' dir='ltr'>Gyczensem</span> <span class='ocrx_word' id='word_1_162' title='bbox 633 3148 824 3245; x_wconf 89' lang='lat' dir='ltr'>episcopum</span> <span class='ocrx_word' id='word_1_163' title='bbox 835 3150 883 3239; x_wconf 79' lang='lat'>⁷).</span> <span class='ocrx_word' id='word_1_164' title='bbox 935 3147 1135 3219; x_wconf 87' lang='lat' dir='ltr'>Habuerunt</span> <span class='ocrx_word' id='word_1_165' title='bbox 1155 3147 1258 3220; x_wconf 87' lang='lat' dir='ltr'>eciam</span> <span class='ocrx_word' id='word_1_166' title='bbox 1272 3149 1401 3247; x_wconf 90' lang='lat' dir='ltr'>pariter</span> 
     </span>
    </p>
   </div>
   <div class='ocr_carea' id='block_1_5' title="bbox 177 3363 1402 4605">
    <p class='ocr_par' dir='ltr' id='par_1_5' title="bbox 177 3363 1402 4605">
     <span class='ocr_line' id='line_1_23' title="bbox 225 3363 1402 3433; baseline 0 -16"><span class='ocrx_word' id='word_1_167' title='bbox 225 3365 252 3433; x_wconf 90' lang='grc'>1)</span> <span class='ocrx_word' id='word_1_168' title='bbox 271 3365 431 3431; x_wconf 85' lang='lat' dir='ltr'>Oldioleben,</span> <span class='ocrx_word' id='word_1_169' title='bbox 450 3382 491 3416; x_wconf 83' lang='lat' dir='ltr'>em</span> <span class='ocrx_word' id='word_1_170' title='bbox 507 3365 591 3415; x_wconf 88' lang='lat' dir='ltr'>lioken</span> <span class='ocrx_word' id='word_1_171' title='bbox 605 3365 670 3415; x_wconf 83' lang='lat' dir='ltr'>Ufer</span> <span class='ocrx_word' id='word_1_172' title='bbox 681 3364 726 3415; x_wconf 87' lang='lat' dir='ltr'>der</span> <span class='ocrx_word' id='word_1_173' title='bbox 742 3365 799 3414; x_wconf 89' lang='lat' dir='ltr'>Un·</span> <span class='ocrx_word' id='word_1_174' title='bbox 824 3363 851 3430; x_wconf 80' lang='grc'>5)</span> <span class='ocrx_word' id='word_1_175' title='bbox 870 3363 1073 3431; x_wconf 75' lang='lat' dir='ltr'>Eckardsberge,</span> <span class='ocrx_word' id='word_1_176' title='bbox 1099 3363 1136 3414; x_wconf 84' lang='lat' dir='ltr'>im</span> <span class='ocrx_word' id='word_1_177' title='bbox 1159 3364 1402 3433; x_wconf 75' lang='lat' dir='ltr'>Groloherzugelrum</span> 
     </span>
     <span class='ocr_line' id='line_1_24' title="bbox 225 3438 1400 3517; baseline -0.001 -15"><span class='ocrx_word' id='word_1_178' title='bbox 225 3460 306 3514; x_wconf 76' lang='grc'>111111,</span> <span class='ocrx_word' id='word_1_179' title='bbox 336 3450 400 3515; x_wconf 81' lang='lat' dir='ltr'>jetat</span> <span class='ocrx_word' id='word_1_180' title='bbox 424 3468 481 3500; x_wconf 82' lang='lat' dir='ltr'>aum</span> <span class='ocrx_word' id='word_1_181' title='bbox 511 3449 754 3516; x_wconf 80' lang='lat' dir='ltr'>Groleherrogthnm</span> <span class='ocrx_word' id='word_1_182' title='bbox 772 3451 797 3499; x_wconf 87' lang='lat' dir='ltr'>S.</span> <span class='ocrx_word' id='word_1_183' title='bbox 824 3438 1400 3517; x_wconf 69' lang='lat' dir='ltr'>Weimarwestlichvonllaumburggelegen.</span> 
     </span>
     <span class='ocr_line' id='line_1_25' title="bbox 224 3528 1402 3602; baseline -0.001 -16"><span class='ocrx_word' id='word_1_184' title='bbox 224 3536 339 3587; x_wconf 88' lang='lat' dir='ltr'>Weimar</span> <span class='ocrx_word' id='word_1_185' title='bbox 352 3535 472 3602; x_wconf 82' lang='lat' dir='ltr'>gehd&#39;rig,</span> <span class='ocrx_word' id='word_1_186' title='bbox 490 3534 561 3584; x_wconf 90' lang='lat' dir='ltr'>nicht</span> <span class='ocrx_word' id='word_1_187' title='bbox 576 3534 634 3583; x_wconf 86' lang='lat' dir='ltr'>weit</span> <span class='ocrx_word' id='word_1_188' title='bbox 650 3550 699 3584; x_wconf 83' lang='lat' dir='ltr'>von</span> <span class='ocrx_word' id='word_1_189' title='bbox 717 3535 799 3584; x_wconf 88' lang='lat' dir='ltr'>Fran·</span> <span class='ocrx_word' id='word_1_190' title='bbox 824 3528 851 3596; x_wconf 83' lang='grc'>6)</span> <span class='ocrx_word' id='word_1_191' title='bbox 871 3534 945 3583; x_wconf 85' lang='lat' dir='ltr'>Diese</span> <span class='ocrx_word' id='word_1_192' title='bbox 967 3533 1119 3600; x_wconf 81' lang='lat' dir='ltr'>Zeitangabe</span> <span class='ocrx_word' id='word_1_193' title='bbox 1148 3533 1183 3583; x_wconf 83' lang='lat' dir='ltr'>ist</span> <span class='ocrx_word' id='word_1_194' title='bbox 1214 3533 1402 3585; x_wconf 71' lang='lat' dir='ltr'>anancitelhan</span> 
     </span>
     <span class='ocr_line' id='line_1_26' title="bbox 225 3600 1401 3684; baseline -0.003 -14"><span class='ocrx_word' id='word_1_195' title='bbox 225 3619 376 3670; x_wconf 84' lang='lat' dir='ltr'>kenhausen.</span> <span class='ocrx_word' id='word_1_196' title='bbox 412 3619 459 3669; x_wconf 89' lang='lat' dir='ltr'>Die</span> <span class='ocrx_word' id='word_1_197' title='bbox 478 3600 617 3684; x_wconf 76' lang='lat' dir='ltr'>Griindung</span> <span class='ocrx_word' id='word_1_198' title='bbox 634 3617 714 3668; x_wconf 84' lang='lat' dir='ltr'>dieses</span> <span class='ocrx_word' id='word_1_199' title='bbox 730 3618 800 3668; x_wconf 89' lang='lat' dir='ltr'>Klo-</span> <span class='ocrx_word' id='word_1_200' title='bbox 826 3616 915 3668; x_wconf 80' lang='lat' dir='ltr'>lulach.</span> <span class='ocrx_word' id='word_1_201' title='bbox 949 3616 1199 3668; x_wconf 77' lang='lat' dir='ltr'>Solltedielleirath</span> <span class='ocrx_word' id='word_1_202' title='bbox 1209 3617 1401 3684; x_wconf 84' lang='lat' dir='ltr'>Ludwigsaurh</span> 
     </span>
     <span class='ocr_line' id='line_1_27' title="bbox 225 3700 1400 3770; baseline -0.003 -16"><span class='ocrx_word' id='word_1_203' title='bbox 225 3714 287 3754; x_wconf 81' lang='lat' dir='ltr'>atera</span> <span class='ocrx_word' id='word_1_204' title='bbox 305 3703 417 3770; x_wconf 84' lang='lat' dir='ltr'>(Ordinis</span> <span class='ocrx_word' id='word_1_205' title='bbox 437 3707 462 3754; x_wconf 83' lang='lat' dir='ltr'>S.</span> <span class='ocrx_word' id='word_1_206' title='bbox 480 3702 618 3767; x_wconf 77' lang='lat' dir='ltr'>Benedicti)</span> <span class='ocrx_word' id='word_1_207' title='bbox 637 3701 700 3752; x_wconf 81' lang='lat' dir='ltr'>wind</span> <span class='ocrx_word' id='word_1_208' title='bbox 714 3702 739 3752; x_wconf 92' lang='lat' dir='ltr'>in</span> <span class='ocrx_word' id='word_1_209' title='bbox 756 3702 799 3751; x_wconf 85' lang='lat' dir='ltr'>das</span> <span class='ocrx_word' id='word_1_210' title='bbox 825 3701 913 3751; x_wconf 79' lang='lat' dir='ltr'>friiher</span> <span class='ocrx_word' id='word_1_211' title='bbox 929 3700 965 3750; x_wconf 80' lang='lat' dir='ltr'>als</span> <span class='ocrx_word' id='word_1_212' title='bbox 980 3719 1027 3752; x_wconf 88' lang='lat' dir='ltr'>vor</span> <span class='ocrx_word' id='word_1_213' title='bbox 1043 3730 1073 3740; x_wconf 90' lang='lat'>·-</span> <span class='ocrx_word' id='word_1_214' title='bbox 1094 3702 1159 3751; x_wconf 80' lang='lat' dir='ltr'>nacla</span> <span class='ocrx_word' id='word_1_215' title='bbox 1176 3701 1334 3751; x_wconf 82' lang='lat' dir='ltr'>Wedekiuds</span> <span class='ocrx_word' id='word_1_216' title='bbox 1349 3703 1400 3750; x_wconf 76' lang='lat' dir='ltr'>ue-</span> 
     </span>
     <span class='ocr_line' id='line_1_28' title="bbox 225 3782 1398 3854; baseline -0.004 -15"><span class='ocrx_word' id='word_1_217' title='bbox 225 3789 247 3841; x_wconf 85' lang='lat' dir='ltr'>J.</span> <span class='ocrx_word' id='word_1_218' title='bbox 260 3785 325 3839; x_wconf 76' lang='lat'><strong>1089</strong></span> <span class='ocrx_word' id='word_1_219' title='bbox 340 3797 442 3854; x_wconf 84' lang='lat' dir='ltr'>gesetzt.</span> <span class='ocrx_word' id='word_1_220' title='bbox 460 3788 579 3838; x_wconf 80' lang='lat' dir='ltr'>V.Thnr.</span> <span class='ocrx_word' id='word_1_221' title='bbox 597 3789 688 3847; x_wconf 84' lang='lat' dir='ltr'>Sacra,</span> <span class='ocrx_word' id='word_1_222' title='bbox 706 3804 731 3853; x_wconf 92' lang='lat' dir='ltr'>p.</span> <span class='ocrx_word' id='word_1_223' title='bbox 749 3783 801 3838; x_wconf 83' lang='grc'>709</span> <span class='ocrx_word' id='word_1_224' title='bbox 826 3784 995 3852; x_wconf 82' lang='lat' dir='ltr'>weisfdhrong</span> <span class='ocrx_word' id='word_1_225' title='bbox 1012 3813 1046 3824; x_wconf 86' lang='lat'><em>-</em></span> <span class='ocrx_word' id='word_1_226' title='bbox 1062 3784 1121 3835; x_wconf 88' lang='lat' dir='ltr'>dem</span> <span class='ocrx_word' id='word_1_227' title='bbox 1143 3786 1166 3835; x_wconf 87' lang='lat' dir='ltr'>J.</span> <span class='ocrx_word' id='word_1_228' title='bbox 1184 3782 1250 3836; x_wconf 77' lang='lat'>1083</span> <span class='ocrx_word' id='word_1_229' title='bbox 1268 3783 1398 3850; x_wconf 83' lang='lat' dir='ltr'>vollaogen</span> 
     </span>
     <span class='ocr_line' id='line_1_29' title="bbox 224 3868 1399 3940; baseline -0.003 -18"><span class='ocrx_word' id='word_1_230' title='bbox 224 3888 278 3940; x_wconf 78' lang='lat' dir='ltr'>sqq.</span> <span class='ocrx_word' id='word_1_231' title='bbox 320 3871 436 3933; x_wconf 76' lang='lat' dir='ltr'>Anderae,</span> <span class='ocrx_word' id='word_1_232' title='bbox 470 3871 533 3921; x_wconf 85' lang='lat' dir='ltr'>auch</span> <span class='ocrx_word' id='word_1_233' title='bbox 556 3870 702 3921; x_wconf 84' lang='lat' dir='ltr'>Wedekidd</span> <span class='ocrx_word' id='word_1_234' title='bbox 728 3870 755 3938; x_wconf 72' lang='lat' dir='ltr'>(l.</span> <span class='ocrx_word' id='word_1_235' title='bbox 780 3885 801 3920; x_wconf 88' lang='lat' dir='ltr'>c.</span> <span class='ocrx_word' id='word_1_236' title='bbox 826 3868 928 3918; x_wconf 82' lang='lat' dir='ltr'>worden</span> <span class='ocrx_word' id='word_1_237' title='bbox 944 3869 1006 3930; x_wconf 83' lang='lat' dir='ltr'>sein,</span> <span class='ocrx_word' id='word_1_238' title='bbox 1025 3886 1054 3919; x_wconf 85' lang='lat' dir='ltr'>so</span> <span class='ocrx_word' id='word_1_239' title='bbox 1069 3868 1193 3918; x_wconf 82' lang='lat' dir='ltr'>darl&#39;man</span> <span class='ocrx_word' id='word_1_240' title='bbox 1207 3868 1244 3919; x_wconf 87' lang='lat' dir='ltr'>sie</span> <span class='ocrx_word' id='word_1_241' title='bbox 1258 3868 1285 3918; x_wconf 88' lang='lat' dir='ltr'>in</span> <span class='ocrx_word' id='word_1_242' title='bbox 1300 3868 1399 3918; x_wconf 83' lang='lat' dir='ltr'>keinern</span> 
     </span>
     <span class='ocr_line' id='line_1_30' title="bbox 225 3949 1187 4020; baseline -0.002 -16"><span class='ocrx_word' id='word_1_243' title='bbox 225 3954 316 4018; x_wconf 60' lang='lat'>8201,</span> <span class='ocrx_word' id='word_1_244' title='bbox 333 3960 406 4006; x_wconf 83' lang='lat' dir='ltr'>Anm.</span> <span class='ocrx_word' id='word_1_245' title='bbox 416 3951 488 4020; x_wconf 77' lang='lat'>495),</span> <span class='ocrx_word' id='word_1_246' title='bbox 505 3953 637 4005; x_wconf 86' lang='lat' dir='ltr'>schreiben</span> <span class='ocrx_word' id='word_1_247' title='bbox 656 3954 801 4005; x_wconf 82' lang='lat' dir='ltr'>dieeeStif-</span> <span class='ocrx_word' id='word_1_248' title='bbox 826 3952 896 4002; x_wconf 84' lang='lat' dir='ltr'>Falle</span> <span class='ocrx_word' id='word_1_249' title='bbox 912 3969 959 4002; x_wconf 86' lang='lat' dir='ltr'>vor</span> <span class='ocrx_word' id='word_1_250' title='bbox 978 3949 1045 4003; x_wconf 75' lang='lat'>1075</span> <span class='ocrx_word' id='word_1_251' title='bbox 1061 3961 1187 4003; x_wconf 67' lang='grc'>1111111111.</span> 
     </span>
     <span class='ocr_line' id='line_1_31' title="bbox 225 4032 1399 4105; baseline -0.001 -18"><span class='ocrx_word' id='word_1_252' title='bbox 225 4048 287 4105; x_wconf 76' lang='lat' dir='ltr'>rung</span> <span class='ocrx_word' id='word_1_253' title='bbox 303 4039 349 4089; x_wconf 88' lang='lat' dir='ltr'>der</span> <span class='ocrx_word' id='word_1_254' title='bbox 357 4040 500 4090; x_wconf 84' lang='lat' dir='ltr'>bekannten</span> <span class='ocrx_word' id='word_1_255' title='bbox 518 4037 800 4105; x_wconf 73' lang='lat' dir='ltr'>MurkgrdfinAdelheid</span> <span class='ocrx_word' id='word_1_256' title='bbox 825 4032 852 4102; x_wconf 88' lang='grc'>7)</span> <span class='ocrx_word' id='word_1_257' title='bbox 871 4038 936 4088; x_wconf 85' lang='lat' dir='ltr'>Vom</span> <span class='ocrx_word' id='word_1_258' title='bbox 960 4038 982 4086; x_wconf 89' lang='lat' dir='ltr'>J.</span> <span class='ocrx_word' id='word_1_259' title='bbox 1006 4034 1071 4086; x_wconf 75' lang='lat'>1125</span> <span class='ocrx_word' id='word_1_260' title='bbox 1088 4036 1215 4089; x_wconf 74' lang='lat' dir='ltr'>-115o</span> <span class='ocrx_word' id='word_1_261' title='bbox 1259 4035 1399 4104; x_wconf 78' lang='lat' dir='ltr'>Eigentliclr</span> 
     </span>
     <span class='ocr_line' id='line_1_32' title="bbox 226 4121 1399 4188; baseline 0.001 -17"><span class='ocrx_word' id='word_1_262' title='bbox 226 4137 276 4171; x_wconf 86' lang='lat' dir='ltr'>von</span> <span class='ocrx_word' id='word_1_263' title='bbox 293 4122 339 4174; x_wconf 89' lang='lat' dir='ltr'>der</span> <span class='ocrx_word' id='word_1_264' title='bbox 347 4125 455 4188; x_wconf 78' lang='lat' dir='ltr'>Laueitz,</span> <span class='ocrx_word' id='word_1_265' title='bbox 473 4142 497 4174; x_wconf 84' lang='lat' dir='ltr'>u.</span> <span class='ocrx_word' id='word_1_266' title='bbox 505 4123 553 4175; x_wconf 88' lang='lat' dir='ltr'>mir</span> <span class='ocrx_word' id='word_1_267' title='bbox 567 4123 665 4175; x_wconf 87' lang='lat' dir='ltr'>echeint</span> <span class='ocrx_word' id='word_1_268' title='bbox 679 4123 725 4174; x_wconf 90' lang='lat' dir='ltr'>mit</span> <span class='ocrx_word' id='word_1_269' title='bbox 740 4123 799 4174; x_wconf 81' lang='lat' dir='ltr'>beo-</span> <span class='ocrx_word' id='word_1_270' title='bbox 826 4138 877 4172; x_wconf 85' lang='lat' dir='ltr'>wer</span> <span class='ocrx_word' id='word_1_271' title='bbox 900 4121 1044 4175; x_wconf 83' lang='lat' dir='ltr'>erBischof</span> <span class='ocrx_word' id='word_1_272' title='bbox 1063 4139 1114 4173; x_wconf 81' lang='lat' dir='ltr'>von</span> <span class='ocrx_word' id='word_1_273' title='bbox 1129 4122 1291 4188; x_wconf 86' lang='lat' dir='ltr'>Nanmburg,</span> <span class='ocrx_word' id='word_1_274' title='bbox 1316 4122 1399 4173; x_wconf 87' lang='lat' dir='ltr'>wohin</span> 
     </span>
     <span class='ocr_line' id='line_1_33' title="bbox 226 4192 1398 4270; baseline 0.003 -18"><span class='ocrx_word' id='word_1_275' title='bbox 226 4199 297 4253; x_wconf 83' lang='lat' dir='ltr'>seren</span> <span class='ocrx_word' id='word_1_276' title='bbox 316 4206 448 4270; x_wconf 82' lang='lat' dir='ltr'>Griinden,</span> <span class='ocrx_word' id='word_1_277' title='bbox 467 4226 504 4261; x_wconf 87' lang='lat' dir='ltr'>zu.</span> <span class='ocrx_word' id='word_1_278' title='bbox 826 4204 871 4255; x_wconf 90' lang='lat' dir='ltr'>der</span> <span class='ocrx_word' id='word_1_279' title='bbox 886 4205 939 4255; x_wconf 74' lang='lat' dir='ltr'>Sita</span> <span class='ocrx_word' id='word_1_280' title='bbox 956 4206 1001 4256; x_wconf 83' lang='lat' dir='ltr'>des</span> <span class='ocrx_word' id='word_1_281' title='bbox 1019 4205 1142 4257; x_wconf 81' lang='lat' dir='ltr'>Biothmns</span> <span class='ocrx_word' id='word_1_282' title='bbox 1159 4224 1211 4258; x_wconf 80' lang='lat' dir='ltr'>von</span> <span class='ocrx_word' id='word_1_283' title='bbox 1227 4207 1296 4258; x_wconf 69' lang='lat' dir='ltr'>Zeita</span> <span class='ocrx_word' id='word_1_284' title='bbox 1318 4192 1398 4258; x_wconf 77' lang='lat' dir='ltr'>echon</span> 
     </span>
     <span class='ocr_line' id='line_1_34' title="bbox 177 4284 1398 4357; baseline 0.005 -22"><span class='ocrx_word' id='word_1_285' title='bbox 177 4338 185 4349; x_wconf 57' lang='grc'><strong>,</strong></span> <span class='ocrx_word' id='word_1_286' title='bbox 227 4284 254 4352; x_wconf 80' lang='grc'>2)</span> <span class='ocrx_word' id='word_1_287' title='bbox 274 4289 482 4342; x_wconf 76' lang='lat' dir='ltr'>munitissimam?</span> <span class='ocrx_word' id='word_1_288' title='bbox 752 4300 755 4306; x_wconf 88' lang='lat'>&#39;</span> <span class='ocrx_word' id='word_1_289' title='bbox 825 4290 959 4343; x_wconf 70' lang='grc'>11111032</span> <span class='ocrx_word' id='word_1_290' title='bbox 983 4290 1081 4357; x_wconf 77' lang='lat' dir='ltr'>verlegt</span> <span class='ocrx_word' id='word_1_291' title='bbox 1105 4309 1163 4342; x_wconf 82' lang='lat' dir='ltr'>war.</span> <span class='ocrx_word' id='word_1_292' title='bbox 1197 4293 1248 4342; x_wconf 78' lang='lat' dir='ltr'>Das</span> <span class='ocrx_word' id='word_1_293' title='bbox 1267 4294 1398 4342; x_wconf 84' lang='lat' dir='ltr'>Genauere</span> 
     </span>
     <span class='ocr_line' id='line_1_35' title="bbox 226 4364 1396 4444; baseline 0.003 -22"><span class='ocrx_word' id='word_1_294' title='bbox 226 4369 255 4437; x_wconf 83' lang='lat'>3)</span> <span class='ocrx_word' id='word_1_295' title='bbox 273 4364 439 4441; x_wconf 81' lang='lat' dir='ltr'>Neuenburg,</span> <span class='ocrx_word' id='word_1_296' title='bbox 470 4376 589 4429; x_wconf 82' lang='lat' dir='ltr'>oberhulb</span> <span class='ocrx_word' id='word_1_297' title='bbox 619 4377 741 4444; x_wconf 85' lang='lat' dir='ltr'>Freiburg</span> <span class='ocrx_word' id='word_1_298' title='bbox 767 4394 799 4430; x_wconf 81' lang='lat' dir='ltr'>an</span> <span class='ocrx_word' id='word_1_299' title='bbox 825 4376 887 4426; x_wconf 84' lang='lat' dir='ltr'>iiber</span> <span class='ocrx_word' id='word_1_300' title='bbox 911 4375 969 4426; x_wconf 91' lang='lat' dir='ltr'>Udo</span> <span class='ocrx_word' id='word_1_301' title='bbox 995 4375 1028 4443; x_wconf 85' lang='grc' dir='ltr'>(Ι)</span> <span class='ocrx_word' id='word_1_302' title='bbox 1046 4390 1066 4425; x_wconf 83' lang='grc'>1.</span> <span class='ocrx_word' id='word_1_303' title='bbox 1091 4375 1133 4426; x_wconf 88' lang='lat' dir='ltr'>bei</span> <span class='ocrx_word' id='word_1_304' title='bbox 1155 4374 1278 4443; x_wconf 78' lang='lat' dir='ltr'>Lepsios,</span> <span class='ocrx_word' id='word_1_305' title='bbox 1305 4375 1396 4426; x_wconf 85' lang='lat' dir='ltr'>Geach.</span> 
     </span>
     <span class='ocr_line' id='line_1_36' title="bbox 226 4454 1395 4526; baseline 0.002 -20"><span class='ocrx_word' id='word_1_306' title='bbox 226 4454 274 4507; x_wconf 89' lang='lat' dir='ltr'>der</span> <span class='ocrx_word' id='word_1_307' title='bbox 289 4456 405 4507; x_wconf 79' lang='lat' dir='ltr'>Unstrut.</span> <span class='ocrx_word' id='word_1_308' title='bbox 825 4459 871 4510; x_wconf 89' lang='lat' dir='ltr'>der</span> <span class='ocrx_word' id='word_1_309' title='bbox 886 4459 1005 4522; x_wconf 72' lang='lat' dir='ltr'>Bisehdfe</span> <span class='ocrx_word' id='word_1_310' title='bbox 1021 4476 1072 4512; x_wconf 81' lang='lat' dir='ltr'>ren</span> <span class='ocrx_word' id='word_1_311' title='bbox 1089 4459 1234 4526; x_wconf 83' lang='lat' dir='ltr'>Naumburg</span> <span class='ocrx_word' id='word_1_312' title='bbox 1255 4461 1292 4526; x_wconf 75' lang='lat' dir='ltr'>(S.</span> <span class='ocrx_word' id='word_1_313' title='bbox 1304 4456 1338 4511; x_wconf 82' lang='lat'>27</span> <span class='ocrx_word' id='word_1_314' title='bbox 1347 4456 1395 4523; x_wconf 78' lang='lat' dir='ltr'>ffi),</span> 
     </span>
     <span class='ocr_line' id='line_1_37' title="bbox 226 4537 376 4605; baseline -0.013 -13"><span class='ocrx_word' id='word_1_315' title='bbox 226 4537 253 4605; x_wconf 80' lang='grc'>4)</span> <span class='ocrx_word' id='word_1_316' title='bbox 272 4538 376 4593; x_wconf 77' lang='lat' dir='ltr'>occurit.</span> 
     </span>
    </p>
   </div>
   <div class='ocr_carea' id='block_1_6' title="bbox 0 0 1717 5094">
    <p class='ocr_par' dir='ltr' id='par_1_6' title="bbox 0 0 1717 5094">
     <span class='ocr_line' id='line_1_38' title="bbox 0 0 1717 5094; baseline 0 0"><span class='ocrx_word' id='word_1_317' title='bbox 0 0 1717 5094; x_wconf 95' lang='lat' dir='ltr'> </span> 
     </span>
    </p>
   </div>
  </div>
 </body>
</html>
