3426 5096
880 223 924 290 Μ

313 398 496 496 indigentie
519 397 647 472 olitano
670 395 861 470 miserando
886 403 1006 470 tenore
1027 397 1204 500 (leccator,⁴
1232 395 1400 492 laesimus
1418 400 1491 496 pun

314 539 416 611 retus
441 532 615 629 inqoaimns
638 532 841 624 remedium,
866 531 1098 606 Hermannum
1123 531 1377 610 serenissimum
1401 533 1490 625 lant-

313 671 467 769 gravium
480 671 515 761 1)
536 667 721 763 'thuringie
746 666 942 763 suppliciter
963 667 1091 759 aofit2)
1117 673 1152 739 ct
1177 667 1386 764 denigratam
1404 669 1490 744 cirea

314 831 351 880 sc
369 812 524 879 naturam
539 804 722 899 profitens,
747 827 810 875 suo
830 802 980 898 presidio
999 802 1063 875 siti
1082 802 1321 876 consulendum
1337 804 1412 878 lore
1434 804 1489 878 in·

313 947 442 1014 mantea
458 939 597 1035 expetiit
616 945 650 1010 et
668 944 709 1010 ut
722 937 844 1013 auxilio
869 962 932 1011 suo
956 961 1025 1010 non
1047 944 1138 1010 esset
1162 944 1360 1031 extranens,
1384 940 1488 1014 liliam
1518 962 1538 1015 s

313 1077 386 1173 ejus
399 1078 436 1168 3)
463 1097 500 1148 se
525 1074 701 1175 (lucturum
725 1073 762 1145 in
786 1073 886 1146 annis
911 1072 1078 1146 nubilibus
1102 1072 1203 1145 fidem
1228 1074 1385 1169 promisit
1407 1100 1489 1171 pre·

312 1211 458 1305 stitoque
485 1215 691 1284 sacramento
722 1215 756 1280 et
791 1207 877 1280 datis
907 1208 1048 1281 vadibus
1077 1208 1308 1301 confirmavit,
1341 1217 1487 1284 metrum

312 1344 412 1419 etiam
429 1343 666 1440 Bielaelingen,
692 1343 781 1416 alito
805 1342 947 1433 Lacu4)
977 1343 1242 1436 conterminum,
1267 1344 1333 1417 siti
1353 1345 1486 1439 filieqvm

311 1481 550 1576 possidendum
565 1478 783 1573 solempniter
801 1478 966 1574 delegavit
983 1484 1020 1550 et
1033 1477 1097 1552 loc
1113 1483 1183 1551 tam
1199 1478 1298 1552 iirmo
1313 1479 1486 1554 semitm

177 1659 206 1688 a.
276 1655 297 1687 ι.
312 1623 347 1690 et
366 1616 571 1711 sponsalium
589 1614 704 1688 lavore
723 1613 910 1709 principem
924 1613 1096 1709 provincie
1121 1614 1187 1687 siti
1205 1613 1536 1696 inlimolubiliterao

312 1751 510 1825 conciliavit.
545 1749 610 1843 Qui
626 1748 783 1823 continuo
797 1749 910 1822 missis
927 1749 1060 1845 pacifice
1074 1749 1232 1840 nunctiis,
1251 1750 1386 1845 rogavit
1396 1772 1486 1824 mar·

311 1885 481 1976 unionem,
505 1890 544 1958 ut
561 1888 600 1958 at
622 1884 912 1975 obsidionecastri
930 1884 985 1959 sui
1001 1883 1251 1959 Wissenvelsch
1267 1884 1409 1980 benigne
1427 1908 1484 1957 re-

311 2022 460 2112 cederet,
495 2044 597 2114 seque
621 2019 896 2093 mediatissimum
907 2021 943 2115 ⁶)
968 2023 1010 2094 ael
1033 2020 1113 2093 lites
1135 2019 1338 2092 mmmenclas
1361 2018 1484 2092 effutu-

309 2180 385 2229 rum
403 2155 603 2251 spoponditg
628 2161 663 2227 et
678 2155 709 2228 si
722 2153 831 2228 facere
847 2148 1059 2247 detrectaret,
1076 2154 1177 2251 legati
1192 2154 1255 2226 hoe
1270 2153 1307 2226 in
1318 2154 1482 2228 mandatis

309 2297 523 2386 acceperant,
556 2294 595 2362 ut
623 2288 730 2361 eidem
759 2289 942 2363 marchioni
972 2291 1081 2364 minas
1110 2291 1282 2385 imponere
1306 2290 1535 2362 tenderenttt

308 2425 481 2520 ipsumque
513 2424 550 2496 in
577 2446 677 2495 manu
706 2424 817 2497 valida
845 2426 1035 2520 pellendum
1065 2432 1257 2498 constanter
1282 2430 1482 2497 assererent.

308 2558 418 2632 Porro
443 2559 530 2632 idem
557 2558 723 2650 marchio,
757 2548 1074 2635 audico'verborum
1098 2567 1233 2651 tenore,
1264 2558 1482 2631 munitionem

308 2694 470 2790 prefatam
489 2695 637 2767 deseruit
652 2702 686 2768 ct
703 2718 739 2768 se
759 2719 834 2768 eum
852 2694 1049 2791 landgravio
1066 2696 1204 2792 pacifice
1219 2700 1252 2766 et
1268 2693 1414 2766 finaliter
1429 2692 1484 2764 lo·

308 2837 461 2905 euturum
484 2855 585 2927 super
611 2831 828 2904 herciscunde
850 2829 1046 2904 hereditatis
1070 2854 1154 2923 equa
1165 2831 1201 2921 6)
1222 2828 1375 2901 libertate
1401 2852 1483 2924 pro-

307 2967 410 3039 misit.
463 2965 529 3058 Qui
557 2973 684 3067 statuto
712 2966 765 3038 die
795 2968 1031 3044 convenientes
1058 2964 1209 3039 ventosis
1235 2965 1355 3036 dedere
1380 2963 1532 3049 vertam

306 3099 481 3196 procellis,
509 3099 586 3191 quia
603 3123 660 3191 ea,
687 3122 750 3191 que
767 3100 975 3196 lantgravius
993 3099 1215 3172 amarchionc
1236 3082 1403 3194 promissa
1419 3123 1482 3194 pro
1579 3149 1581 3152 <

277 3326 279 3331 4
307 3234 396 3310 votis
416 3233 593 3325 latuerat,
618 3233 731 3307 infidis
749 3241 820 3307 tota
835 3236 971 3309 nutibus
991 3236 1073 3308 elisa
1087 3235 1259 3307 nutatmat.
1304 3233 1482 3327 Quocirca

306 3369 391 3443 alios
409 3375 507 3462 atque
523 3369 611 3441 idem
626 3368 772 3442 marchio
788 3371 934 3443 bellandi
949 3376 1128 3466 apparatus
1144 3369 1319 3460 instaurat,
1341 3369 1480 3442 credens

305 3505 461 3602 pietatem
483 3503 644 3600 principis
665 3503 850 3601 'thuringie
869 3483 1035 3607 quandam
1053 3527 1126 3578 esse
1150 3503 1335 3600 ignaviam,
1361 3510 1400 3575 nt
1425 3502 1482 3599 qui

305 3640 477 3738 provincie
495 3647 625 3736 segetes
647 3640 822 3735 depascere
841 3640 1041 3714 formidabat
1057 3640 1179 3734 quique
1202 3639 1408 3736 paupertatis
1424 3644 1480 3711 tu-
1489 3647 1531 3702 2⁵
1546 3678 1553 3693 x

305 3778 411 3873 guriis
439 3775 666 3872 sceleratas⁷)
694 3775 783 3851 iaces
813 3775 938 3849 inferre
964 3775 1112 3849 timebat
1175 3774 1244 3848 Pro
1271 3774 1332 3846 hac
1358 3772 1480 3847 evitata

305 3911 509 4007 malignanti
527 3912 717 4021 protervia,
742 3911 868 3985 nullius
890 3911 980 3983 idem
999 3911 1155 4006 princeps
1178 3909 1305 3985 valoris
1324 3930 1396 4019 esse
1415 3930 1480 4001 pu-

304 4050 461 4116 taretur‘
498 4043 548 4117 At
560 4068 641 4121 vero
659 4045 886 4140 lantgravius,
911 4046 1054 4142 pristina
1071 4044 1327 4143 progenitorum
1343 4064 1481 4116 suorum

308 4242 331 4309 1)
347 4242 494 4309 lantgravie.

304 4325 332 4395 2)
346 4327 415 4379 abiit.
785 4376 799 4401 q
903 4325 930 4394 6)
945 4329 1010 4396 equi.

305 4411 332 4477 3)
346 4413 429 4475 lutea,
447 4429 491 4462 aue
508 4412 648 4462 Her-manne
663 4418 743 4460 cester
759 4409 819 4461 Ehe.
903 4407 930 4477 7)
945 4412 1087 4480 sceleratos.

305 4495 332 4561 4)
347 4496 388 4546 die
405 4494 479 4547 stadt
496 4494 662 4546 Weissenaee.
