3426 5096
873 247 916 312 60

306 388 464 510 consors,
488 419 636 515 predicte
661 418 834 513 provincie
855 418 1014 514 indigena
1029 420 1081 509 ¹),
1106 417 1386 492 tumultuantibus
1408 426 1483 494 tor-

306 557 370 628 mis
391 581 410 628 a
429 562 524 652 parte
544 555 685 628 adversa
706 552 836 648 captiva
855 553 1030 625 abducitur
1054 560 1088 625 et
1108 552 1295 625 theutonici
1318 555 1482 629 exercitus

305 690 482 763 silentibus
505 689 672 783 preconiis
691 688 812 761 summi
830 688 1050 784 triumphales
1073 688 1168 761 tituli
1187 712 1206 761 a
1224 689 1375 763 barbaris
1393 692 1482 764 ersi-

306 826 463 898 bilantur.
514 823 684 920 lugubris
705 825 874 916 itaqueet
893 847 1026 896 merens
1044 825 1227 919 imperator
1253 833 1414 921 augustus
1441 829 1481 899 de

307 966 462 1034 consorte
481 959 640 1055 captiva,
674 958 821 1032 debitum
845 959 1014 1056 indigenis
1043 984 1113 1034 non
1139 960 1255 1035 valeus
1282 961 1511 1057 suppliciunt

304 1097 498 1187 intendere,
525 1096 639 1167 contra
659 1094 833 1190 Neapolim
861 1095 1001 1168 molitus
1025 1095 1184 1187 insidias,
1211 1119 1274 1190 qua
1298 1096 1399 1169 etiam
1420 1100 1480 1169 ol·

306 1230 439 1304 sidione
456 1231 591 1320 vallata,
616 1232 729 1303 decem
748 1229 819 1303 iere
837 1210 1007 1303 mensibus
1026 1231 1177 1327 ejusdem
1193 1231 1289 1321 urbis
1306 1232 1481 1306 civitaten-

306 1367 398 1439 sibus
437 1366 566 1443 simbus
602 1366 721 1460 quibus
756 1365 867 1461 potuit
897 1366 1108 1457 imminebat,
1150 1391 1326 1440 mororum
1356 1368 1480 1441 scilicet

305 1509 473 1575 tormenta
484 1478 679 1598 applicando
693 1507 727 1573 et
738 1500 883 1575 fortibus
898 1500 1082 1581 auxiliariis
1101 1501 1270 1576 ciuitatem
1285 1527 1481 1599 oppugnan-

307 1638 371 1729 do,
396 1638 600 1733 oppugnavit
625 1637 776 1731 quidem,
802 1637 863 1710 sed
888 1659 1078 1733 expugnare
1104 1660 1174 1710 non
1196 1638 1340 1734 potuit..
1369 1639 1532 1716 Porroro

305 1773 341 1845 in
367 1772 427 1846 bac
455 1773 588 1847 civitate
610 1772 727 1869 junior
752 1774 819 1846 dux
842 1772 1006 1864 Sarouie,
1038 1773 1151 1869 magni
1176 1773 1270 1853 ducis
1290 1773 1482 1865 llinrioijet

306 1908 446 2004 Anglice
464 1908 578 2005 regine
598 1881 755 2000 filius'ss),
781 1932 817 1981 se
838 1908 932 2002 quasi
949 1907 1160 2004 transfugam
1177 1915 1347 2004 receperat
1365 1915 1399 1980 ot
1415 1907 1479 1980 im-

305 2050 495 2140 peratorem
513 2068 587 2116 eum
603 2044 723 2117 incolis
740 2043 885 2117 uiriliter
903 2045 1121 2141 expugnabat.
1159 2044 1224 2137 Qui
1241 2044 1480 2139 deniquepost

305 2183 439 2277 longam
453 2180 553 2252 ‘urbis
572 2180 778 2253 obsidionem
795 2178 874 2275 tuga
890 2179 1005 2275 lapsus
1025 2180 1062 2252 in
1078 2180 1196 2255 servili
1213 2180 1347 2270 babitu,
1371 2179 1478 2252 inscio

305 2316 461 2390 Romani)
486 2315 658 2413 principe,
688 2315 885 2411 repatriavit
909 2322 943 2387 et
970 2315 1156 2389 desolatum
1177 2322 1326 2412 patrem,
1352 2315 1530 2391 dolorisra

306 2458 392 2523 etate
407 2451 625 2542 coniectum,
659 2451 755 2545 quasi
779 2451 820 2523 de
843 2451 1032 2548 improvido
1056 2453 1203 2526 adventu
1225 2475 1287 2525 suo
1312 2451 1478 2545 respirare

306 2586 494 2661 commovit
546 2586 583 2659 Is
607 2609 725 2682 nempe
751 2587 792 2659 de
818 2587 968 2660 occubitu
984 2587 1102 2662 fratris
1122 2587 1175 2660 sui
1189 2585 1348 2660 Lotlrar'ii
1364 2585 1479 2658 multi·

304 2723 424 2827 plicam
449 2747 486 2795 ac
511 2723 679 2798 diuersam
702 2721 795 2797 lame
812 2723 1009 2797 relationem
1033 2723 1147 2819 sepius
1176 2723 1346 2812 audierat,
1378 2722 1415 2794 iu
1430 2744 1480 2794 eo

305 2859 441 2951 scilicet,
459 2861 548 2954 quod
566 2859 673 2932 debite
693 2859 814 2954 quietis
829 2881 968 2956 pausam
983 2860 1124 2941 eundem
1139 2858 1376 2954 imperatorem
1391 2880 1480 2929 nun-

306 3021 404 3090 quam
419 2995 609 3068 habiturum
619 2997 655 3086 3)
673 3002 855 3091 acceperut,
879 2994 948 3068 uisi
963 2995 1113 3091 ejusdem
1126 2994 1239 3089 magui
1255 2994 1348 3066 ducis
1365 2998 1529 3089 poste-uu

305 3130 439 3203 ritatem
461 3128 561 3201 effere
578 3129 697 3201 mortis
717 3130 887 3224 erumpnis
905 3130 1112 3205 extinxisset.
1163 3128 1368 3203 Adelberbus
1395 3152 1480 3223 quo-

306 3288 389 3359 que,
410 3264 528 3361 junior
549 3263 695 3337 marchio
711 3263 931 3357 llissuensis,
957 3272 1033 3338 ante
1053 3263 1244 3359 ingressum
1263 3263 1385 3360 Apulis
1400 3263 1479 3357 firgo

306 3424 380 3475 cam
398 3400 512 3497 paucis
528 3423 667 3472 suorum
684 3401 880 3496 disparens,
904 3401 946 3474 ad
964 3400 1235 3497 emancipandum
1251 3398 1390 3475 fratrem
1407 3396 1479 3470 sui-

306 3559 370 3632 que
389 3534 595 3632 principatus
611 3536 814 3633 possidenda
832 3535 1059 3632 gubernacula
1070 3558 1229 3610 resersus
1248 3540 1319 3621 est]
1364 3531 1480 3638 Siqui-¹

174 3730 178 3735 .
305 3676 398 3766 dem,
429 3671 635 3763 inlaustis4)
666 3670 802 3745 lortune
830 3670 1087 3744 contradicentis
1113 3670 1270 3766 auspiciis
1294 3667 1479 3764 Neapolim,
1489 3692 1531 3747 aa

305 3811 345 3882 do
362 3810 517 3884 Romano
541 3807 809 3904 prinoipequasi
827 3806 1030 3903 triumphato
1048 3805 1306 3919 tripudiantem,
1332 3803 1481 3881 deseruit

306 3950 340 4015 et
357 3967 431 4015 cum
445 3946 555 4016 lacero
572 3941 992 4017 exercituRomanesodis
1009 3965 1176 4014 summum
1191 3940 1393 4036 pontificem,
1416 3962 1478 4033 pro

306 4076 403 4171 regni
421 4077 603 4149 diademate
622 4085 656 4149 et
674 4079 1005 4168 exultationis-oleo,
1027 4076 1298 4152 adiredeorevit
1349 4072 1480 4181 Philip-

304 4235 369 4310 pus
386 4234 467 4286 vero
484 4208 697 4283 coloniensis
713 4211 805 4284 obiit.
857 4213 921 4285 Hic
940 4212 1020 4285 emit
1035 4211 1152 4309 predia
1168 4220 1202 4287 et
1217 4219 1328 4287 metm
1346 4207 1481 4284 ecclesie

309 4378 333 4442 ll
348 4376 506 4440 Konstauze,
525 4375 638 4428 Toohter
652 4376 696 4428 des
712 4374 812 4442 Kdnigs
827 4376 881 4427 llo-
906 4375 933 4441 3)
949 4377 1068 4429 futurum.

306 4479 351 4528 ger
368 4477 418 4511 son
436 4461 543 4513 Sizilien.
870 4482 873 4493 ·
908 4460 935 4527 4)
948 4461 974 4512 in
992 4461 1088 4513 leuatis.

307 4544 334 4611 2)
349 4544 475 4597 lleinriclu
