3426 5096
786 235 824 321 5¹.

219 408 432 506 eontemplati
454 414 551 500 sunt,
577 413 611 481 et
627 407 675 481 ita
691 407 745 498 id,
772 406 862 500 qued
883 405 1057 481 minaeiter
1074 409 1110 480 et
1125 405 1394 504 lueonsolmog-

217 545 328 642 gressi
344 543 502 636 furerent,
527 542 698 617 letissima
720 542 898 638 mgaeime
920 541 1114 636 perderunt
1164 540 1393 638 Lantgrasius

203 680 330 774 *itaque
348 680 386 753 in
407 680 461 754 dei
483 679 651 777 adjutorio
675 677 863 768 oonfidens,
890 658 997 748 doum
1012 675 1206 771 supplieiter
1230 677 1393 768 exoravit,

215 822 255 888 ut
271 816 335 889 sibi
352 817 489 919 suisque
505 815 650 887 intente
667 812 877 887 necessitatis
894 812 1034 885 articulo
1051 811 1264 901 subveniret,
1288 811 1392 885 vidit-
1496 882 1503 897 ‚

142 916 145 927 Ι
188 971 283 1046 sque
298 976 318 1024 a
334 953 435 1047 longe
456 951 620 1044 quendam
641 949 799 1040 militem,
823 954 952 1022 statiua
972 950 1169 1043 prosarum,
1193 945 1308 1019 nibeis
1330 969 1391 1020 res

217 1085 325 1159 stibus
355 1086 531 1177 indutum,
565 1085 666 1161 niveo
694 1108 780 1178 equo
807 1083 1030 1174 insidentem,
1062 1081 1221 1158 uexillum
1252 1083 1392 1155 rubeum

216 1227 307 1292 terre
331 1218 525 1316 infigentem
548 1244 586 1294 ae
611 1220 795 1293 dicentem-2
828 1221 913 1310 „sub
939 1218 1003 1290 loo
1025 1218 1148 1292 vexillo
1173 1218 1331 1310 uiuees“‚
1357 1222 1392 1293 et

216 1355 417 1428 beedioens
441 1354 616 1451 disparuit.
662 1355 765 1430 xUnde
787 1355 883 1453 multi
907 1353 1146 1450 opinabantur,
1172 1353 1259 1428 hune
1284 1353 1390 1427 luisse

56 1590 60 1593 Ἴ
179 1546 184 1555 ,
216 1496 367 1562 emaum
387 1489 569 1587 Georgium
585 1489 768 1582 martirem,
794 1515 893 1585 quem
908 1491 981 1586 ipse
999 1490 1313 1585 princeps-multum
1329 1512 1390 1564 re·

167 1627 397 1698 reserabatur
426 1633 462 1698 et
484 1627 654 1700 ecelesiam
678 1627 743 1700 sibi
771 1628 807 1699 in
829 1626 906 1700 lero
931 1625 1143 1699 Ysenaeensi
1168 1624 1388 1703 edificaverat

217 1760 301 1833 Cum
316 1784 396 1857 ergo
413 1762 510 1834 multi
529 1762 652 1835 milites
667 1762 752 1834 ilhrd
768 1762 927 1836 uexillum
943 1761 1116 1834 extrahere
1131 1760 1260 1834 vellent
1274 1767 1391 1835 etnon
1469 1777 1471 1781 ·

106 1958 111 1963 ,
214 1902 374 1990 possent,
399 1896 507 1969 dietm
524 1897 603 1992 pius
617 1897 772 1993 prineeps
789 1899 894 2001 multa
909 1897 1084 1971 velooitate
1103 1896 1247 1968 extraxit
1265 1903 1299 1968 et
1311 1920 1389 1969 eume
1471 1946 1474 1950 -

212 2030 327 2126 pausis
345 2031 528 2127 resumptis
549 2032 680 2106 viribus
702 2033 818 2105 multis
837 2031 1099 2105 Sarracenorum
1115 1999 1250 2105 mililus
1268 2030 1390 2104 amites

213 2165 360 2239 instabat
377 2172 428 2257 et,
454 2168 619 2260 usquead
636 2167 788 2240 Saladini
809 2169 1022 2240 tabernacula
1044 2189 1104 2247 eos
1124 2166 1287 2257 abieiens,
1311 2166 1389 2261 plu-

164 2300 308 2375 rsrimis
326 2300 530 2392 interfectis,
556 2301 707 2374 infinitos
725 2302 866 2376 vulnere
887 2302 1053 2375 saueiatos
1071 2300 1254 2381 semiviros
1274 2323 1388 2396 eampo
1485 2330 1489 2337 ·

212 2435 371 2509 deseruit
422 2435 470 2510 Et
492 2437 577 2509 illud
600 2438 758 2512 uexillum
779 2438 915 2533 proprie
939 2437 1123 2534 segehard,
1148 2437 1184 2508 id
1207 2442 1260 2509 est
1279 2434 1389 2511 vieto

211 2570 358 2661 mosum,
385 2571 567 2645 dicebatur.
619 2573 714 2661 Visis
736 2595 821 2668 ergo
838 2580 930 2646 tanto
948 2573 1159 2668 providentie
1183 2572 1333 2647 consiliis
1355 2577 1389 2644 et

211 2709 281 2774 tarn
300 2705 483 2798 magnificis
507 2707 658 2800 ejusdem
682 2707 843 2802 principis
869 2708 1062 2803 adjutoriis,
1088 2708 1248 2802 pleraque
1273 2707 1389 2780 multi-0

211 2837 294 2908 tudo
308 2845 445 2930 postero
464 2839 516 2910 die
533 2840 648 2915 durem
664 2863 701 2912 ae
712 2847 943 2934 preceptorem
960 2864 1036 2912 eum
1050 2863 1201 2934 superse
1215 2840 1389 2913 eonstituit
1412 2858 1455 2904 fol·
1467 2861 1514 2905 επ.

162 2985 250 3044 aeae
265 2978 512 3068 proterentem
526 2972 750 3068 ipsius'niohil
768 2997 804 3046 se
821 2981 968 3047 menam
985 2973 1178 3047 fidelissime
1195 2975 1388 3069 spopondit.

212 3105 297 3179 Gom
316 3107 428 3200 itaque
446 3108 522 3204 pius
545 3108 759 3203 lantgravius
771 3109 895 3207 populo
918 3110 972 3182 dei
996 3109 1165 3204 presentie
1179 3132 1252 3181 sue
1271 3108 1387 3183 auoto-

210 3242 308 3314 ritate
319 3243 391 3339 jam
404 3243 509 3316 multo
524 3250 675 3338 tempore
690 3244 833 3338 plurima
851 3247 1021 3318 commode
1037 3244 1244 3341 prestitisset
1262 3252 1295 3317 et
1310 3245 1387 3339 qui-

210 3376 353 3449 buslibet
379 3378 557 3452 adversum
582 3401 619 3451 se
644 3378 740 3472 quasi
768 3379 822 3452 dei
847 3404 980 3454 murum
1009 3380 1241 3505 opposuisset,
1273 3380 1386 3457 audita

208 3517 316 3584 morte
341 3511 553 3608 imperatoris
578 3513 870 3609 deficientibusque
889 3509 961 3612 jem
986 3516 1185 3590 necessariis
1211 3522 1245 3588 et
1269 3504 1409 3611 multis

159 3657 349 3718 assuerum
366 3647 479 3720 labore
495 3647 672 3740 oonleotis,
698 3648 839 3744 ipseque
857 3651 990 3725 diversa
1008 3651 1125 3723 afferto
1143 3651 1330 3746 egritudine
1351 3657 1385 3721 et

208 3781 350 3857 oronieis
378 3782 590 3877 passionibus
618 3784 813 3875 laborante,
847 3786 982 3857 tandm
1009 3785 1195 3879 repatriare
1225 3784 1384 3874 decrevit,

209 3922 260 4005 et,
299 3939 373 3989 oum
403 3919 523 3992 uirtuti
555 3918 697 4014 pristine
729 3942 766 3991 ae
798 3918 927 3992 viribus
958 3919 1106 4014 propriis
1122 3921 1156 4013 ¹)
1187 3918 1251 3992 sibi
1281 3920 1383 3992 satis-

208 4047 326 4124 fecisse
353 4052 547 4144 videretur,
583 4036 702 4127 abinde
728 4053 944 4128 uehementer
968 4054 1152 4151 ingemuit,
1182 4056 1382 4151 praesertim

210 4185 300 4275 quod
313 4184 435 4260 inieeto
451 4189 587 4286 negotio
612 4195 645 4261 et
659 4189 870 4285 passionibus
890 4197 923 4263 et
940 4190 1138 4295 egritudinis
1149 4192 1185 4285 ²)
1203 4187 1381 4264 imminen-

157 4316 300 4390 aetibus
324 4323 487 4414 angustiis
507 4325 617 4398 redire
638 4325 903 4423 eempelleretur.
954 4326 1104 4435 >Proinde
1128 4328 1263 4418 dolel)
1280 4329 1380 4402 naulo

211 4497 236 4565 1)
251 4501 286 4550 lm
304 4502 346 4550 Or.
362 4517 409 4553 vor
424 4500 470 4551 sibi
486 4502 542 4554 ein:
562 4505 628 4557 dum.
689 4492 695 4499 ’
790 4460 1016 4576 magnitudinibus.
1176 4507 1289 4577 dldbts.

1128 4601 1148 4658 ἃ
1165 4594 1180 4631 *
