3422 5094
796 202 833 306 rt

714 327 917 340 .....——--

229 442 309 515 argo
326 415 490 506 saxonie,
515 413 656 508 proinde
672 412 725 485 ira
742 412 902 508 permoti,
926 411 1161 507 imperatorem
1182 414 1316 518 adeunt,
1341 438 1403 509 pa·
1520 493 1525 502 Ι

227 577 299 626 cem
315 554 482 625 turbatam
504 573 565 644 per
588 546 829 643 lantgravium,
854 546 913 640 qui
930 546 1026 641 regni
1047 547 1234 642 principem·
1255 549 1404 644 captiva-

227 686 589 778 conmemorando
613 689 779 755 asserunt.
834 682 926 774 Quos
952 681 1134 776 imperator
1155 682 1275 755 blando
1302 684 1403 755 allatu

229 821 426 895 demulcens
444 818 632 914 lantgravio
660 815 852 908 demandat,
874 823 923 889 ut
946 823 1118 913 assumpto
1141 841 1252 889 secum
1280 816 1403 891 boone

201 957 423 1029 ⁵marcbionc
443 955 485 1026 ad
503 953 628 1026 curiam
645 977 761 1044 suam,¹
774 953 883 1025 uuna
902 953 1141 1043 celebrandam,
1169 953 1289 1026 veniat.
1331 952 1404 1044 Quo

229 1093 315 1163 dum
329 1099 528 1185 perventum
535 1097 619 1187 ‘’est,
642 1089 872 1163 marchionem
889 1088 1079 1182 captivitate
1098 1088 1261 1178 absolvit,
1287 1094 1320 1159 et
1337 1093 1406 1159 tam

231 1249 307 1298 eum
322 1249 422 1318 quam
434 1250 548 1299 omnes
559 1225 702 1298 Samnio
716 1223 884 1319 principes
898 1247 972 1295 cum
984 1223 1172 1318 lantgravio
1182 1223 1220 1295 in
1229 1221 1405 1294 amicitiam

231 1360 470 1435 confederavit.
523 1361 729 1461 Posthoe1)
751 1356 934 1454 imperator
951 1346 1145 1431 Fridericus
1168 1358 1292 1430 curiam
1312 1381 1407 1430 suam

231 1494 404 1590 dlogrmtie
429 1496 625 1587 celebravit,
656 1475 869 1591 presentibus
891 1493 1060 1568 universis
1085 1493 1284 1565 theutonici
1311 1492 1407 1588 regui

183 1630 449 1725 inprincipibus,
470 1656 489 1702 a
506 1632 623 1724 quibus
641 1655 680 1703 eo
695 1631 860 1703 medianto
877 1652 964 1701 unus
979 1628 1126 1702 filiorum
1142 1630 1227 1725 ejus,
1245 1629 1407 1700 Hinricus

223 1735 380 1855 nomine,
400 1765 437 1837 in
449 1788 562 1860 regem
575 1766 699 1837 electus
713 1748 904 1855 coronatur,
920 1765 1005 1836 alter
1014 1756 1110 1855 veic,
1123 1764 1329 1863 Fridcricus,
1343 1763 1407 1835 mi-

233 1898 308 1971 licie
318 1900 484 1990 tyrocinio
496 1901 635 1991 dicatus,
648 1901 1054 1997 mcxagermancducatu
1065 1898 1186 1974 Suevie
1199 1899 1406 1973 sublimatur.

232 2034 298 2107 His
319 2058 399 2131 ergo
420 2036 560 2130 patratis
581 2037 783 2131 imperator,
807 2035 936 2131 ingenti
956 2034 1103 2128 tripudio
1127 2034 1283 2125 affectus,
1309 2057 1408 2126 quam
1438 2064 1441 2071 ·

233 2170 347 2265 plures
364 2171 457 2266 regia
474 2171 651 2266 largitione
671 2170 819 2245 donavit.
861 2170 946 2243 Post
964 2169 1025 2241 hoc
1041 2168 1223 2262 imperator
1241 2175 1409 2262 comperta

185 2323 224 2377 15
235 2305 411 2397 discordia,
433 2329 495 2399 que
511 2307 600 2392 inter
616 2306 910 2402 dioguntincnsem
927 2305 1116 2401 episcopum
1134 2278 1176 2376 et,
1184 2305 1409 2399 lantgravium

234 2444 450 2533 versabatur,
476 2442 654 2515 Hinricum
675 2445 835 2540 juvenem
850 2465 992 2537 regem,
1016 2408 1122 2513 filiium
1147 2440 1263 2531 suum,
1289 2439 1411 2512 direxit

234 2574 461 2668 Erflordiam,
489 2578 691 2670 colloquium
707 2603 781 2651 cum
797 2577 845 2649 eis
861 2576 1051 2650 habiturum
1070 2584 1103 2649 et
1123 2601 1255 2672 pacem,
1281 2577 1311 2648 si
1328 2598 1410 2671 pos-

235 2709 332 2781 sibile
349 2710 456 2800 fcret,
482 2712 570 2783 inter
590 2735 647 2782 ecs
672 2714 953 2806 compositurum:
980 2713 1037 2804 qvui
1059 2708 1194 2801 autem,
1215 2713 1276 2783 sub
1302 2711 1410 2782 inter-

236 2842 418 2944 minatione
445 2844 594 2923 districte
619 2845 655 2914 in
679 2867 736 2915 eos
763 2844 1061 2918 animadversionis
1084 2817 1317 2938 imperatorie,
1342 2844 1410 2915 illis

186 3000 230 3055 20¹
237 2983 433 3074 preceperat
443 2979 492 3067 ²),
515 2983 674 3070 utusque
689 2979 730 3048 ad
746 2971 947 3050 audientiam
962 2979 1035 3074 ejus
1053 2945 1181 3049 necator
1192 2978 1289 3050 alteri
1312 2978 1410 3071 quid-

237 3137 337 3205 quam
354 3111 479 3185 inferre
498 3112 577 3184 mali
589 3112 625 3207 ³)
644 3121 862 3206 presumeret.
890 3188 894 3199 ,
917 3087 989 3206 Quo
1011 3115 1090 3185 dum
1110 3120 1247 3187 ventum
1268 3121 1357 3186 esset
1378 3121 1412 3187 et

238 3273 335 3322 causa
353 3248 574 3325 ventilaretur
594 3249 733 3343 pacique
750 3250 975 3345 componenda
991 3273 1071 3345 pars
1091 3249 1246 3322 comitum
1263 3251 1411 3344 episcopi

237 3385 294 3457 diu
323 3383 538 3480 pertinaciter
568 3382 816 3480 refragaretur,
851 3385 908 3459 vix
923 3361 1078 3457 tandem.
1100 3393 1133 3457 ct
1159 3409 1236 3482 egre
1263 3409 1341 3482 pace
1368 3387 1411 3458 ad

234 3527 366 3615 tempus
384 3520 551 3610 condicta,
579 3519 693 3601 divino
708 3526 844 3616 repente
863 3521 988 3617 judicio
1011 3520 1161 3593 trabibus
1182 3523 1319 3613 domus,
1347 3547 1411 3615 qua

186 3673 226 3727 25
239 3661 483 3755 convenerant,
510 3654 672 3757 disruptis
692 3655 729 3727 in
749 3657 815 3727 late
839 3655 946 3727 cloace
968 3656 1220 3749 spurcissimum
1229 3658 1268 3749 4)
1295 3656 1412 3728 devol-

236 3798 382 3881 vuntur,
408 3791 496 3862 unde
517 3790 570 3861 dei
589 3790 700 3885 gratia
718 3790 855 3885 plurimi
876 3790 943 3864 viri
967 3790 1173 3885 eripiuntur,
1201 3789 1232 3861 V
1252 3794 1333 3863 vcro
1355 3813 1412 3863 cc·

237 3927 354 4017 mites,
380 3925 542 3998 Hinricus
565 3927 605 3996 de
626 3924 860 4020 Swartzborg,
886 3925 991 3997 totius
1008 3923 1161 3996 incentor
1172 3926 1207 4014 ⁵)
1235 3925 1411 4018 discordie,

237 4059 431 4134 Fridericus
450 4063 489 4133 de
506 4032 905 4156 Avinberg,Fridericus
921 4061 961 4132 de
978 4059 1169 4156 Kirchberg
1180 4062 1228 4153 ⁶),
1250 4059 1412 4136 Gosuma-

172 4242 175 4247 ⁴
242 4254 267 4321 1)
281 4256 407 4323 Pfingsten
427 4260 499 4312 1184.
838 4259 864 4328 4)
879 4260 961 4311 locum
984 4260 1046 4311 oder
1071 4260 1111 4310 ein
1134 4259 1263 4311 iihnliches
1279 4263 1356 4313 Wort
1379 4261 1411 4311 ist

161 4386 166 4391 .
239 4337 266 4404 2)
281 4341 444 4406 praeciperet.
838 4345 1000 4412 ansgeiallen.

238 4422 265 4492 3)
280 4423 353 4475 male.
767 4464 782 4483 ,.
838 4430 864 4494 5)
878 4430 999 4479 incentor.

837 4509 864 4579 6)
880 4512 1005 4579 burggraf
1019 4529 1069 4564 von
1086 4510 1228 4576 Kirchberg
1246 4509 1286 4560 bei
1304 4512 1373 4559 tens.
