3422 5094
812 273 832 335 5

719 358 923 371 —....-—....,...

333 439 419 514 Post
441 440 504 513 boc
524 439 727 515 Ludewicus
747 466 820 515 eum
845 444 946 516 barba
973 441 1102 517 diviciis
1126 452 1161 516 et
1181 447 1404 541 prosperitate

166 607 169 612 ·
229 575 408 671 proficiens
428 576 552 672 accepit
568 576 604 648 in
631 576 821 672 conjugium
845 578 1132 653 matrimonialiter
1151 583 1316 674 quandem
1332 607 1405 655 ma·

229 718 362 784 tronam
375 711 617 784 nobilissimam
635 712 675 783 de
694 710 858 803 saxonia,
886 713 1189 803 Geciliam'nomine
1207 717 1246 787 de
1264 717 1404 813 Sangir-
1456 714 1460 721 ’

229 846 336 921 husen
351 850 406 936 1),
441 871 503 940 que
520 846 562 919 ad
585 869 659 918 eum
675 847 742 918 vll
757 847 859 945 millia
873 872 1067 921 mansorum
1089 874 1165 929 eum
1176 851 1404 924 innumerabi-

142 1045 151 1055 .
200 981 316 1055 ilibus
346 981 519 1077 mancipiis
542 987 576 1054 et
597 981 717 1054 ceteris
740 982 933 1056 honorificis
955 984 1117 1079 impensis
1140 1008 1180 1058 ex
1202 984 1404 1059 hereditaria

229 1117 439 1188 successione
474 1116 634 1190 devolvit.
686 1117 754 1190 Per
789 1143 886 1213 quem
905 1119 1067 1215 vsuscepit
1101 1121 1187 1195 duos
1212 1120 1338 1194 liberos
1354 1125 1404 1215 2),

228 1252 356 1326 scilicet
368 1250 585 1324 Ludewicum
603 1259 636 1325 ct
652 1252 873 1348 Beringerum
889 1254 1037 1345 comites,
1064 1262 1098 1327 et
1111 1263 1182 1328 tres
1197 1256 1295 1345 filias,
1320 1281 1404 1350 qua-

227 1411 304 1460 rum
319 1388 426 1482 prima
443 1386 677 1483 Hildegardis,
712 1389 956 1480 secunduma,
989 1389 1089 1462 tertia
1103 1390 1300 1464 Adelbeidis
1318 1393 1403 1464 erti-

228 1523 280 1595 tit.
332 1520 533 1595 Ludewicus
547 1523 658 1616 itaque
672 1525 779 1619 patris
795 1525 849 1597 sui
871 1532 905 1598 et
918 1525 1064 1599 nominis
1080 1533 1113 1597 et
1128 1527 1304 1622 probitatis
1321 1551 1404 1601 cun-

179 1665 428 1763 legatorumque·
442 1661 607 1731 bonorum
629 1683 767 1733 suorum
789 1660 888 1733 lieres
910 1660 1018 1734 factus
1042 1668 1111 1752 est,
1148 1686 1224 1734 nam
1251 1663 1402 1739 felicibus

228 1794 384 1889 auspiciis
406 1794 604 1888 progenitus
623 1793 773 1867 feliciora
794 1796 998 1870 incrementa
1018 1797 1160 1870 sortitus
1185 1805 1247 1871 est.
1306 1800 1401 1891 Nam,

226 1935 264 2001 ut
278 1929 449 2023 solempne
458 1930 539 2025 <ejus
556 1931 722 2022 quoddam
737 1931 975 2026 proloquamur
993 1932 1187 2028 origarium,
1220 1933 1256 2005 in
1273 1934 1325 2006 die
1341 1958 1401 2007 sue

226 2048 496 2161 regenerationis
511 2063 624 2137 Bardo
640 2065 814 2161 episcopus
826 2069 864 2157 3)
880 2066 1068 2156 basilicam,
1096 2092 1200 2161 quam
1210 2075 1401 2181 pater'xsuus

228 2202 342 2275 eodem
357 2224 444 2274 anno
458 2199 496 2272 in
511 2200 705 2297 Aldcnberg
723 2201 946 2293 edificaverat,
973 2202 1215 2276 venerabiliter
1227 2226 1404 2276 consecra-

177 2337 279 2412 15vit
293 2336 375 2441 etin
389 2360 427 2408 ca
442 2343 634 2409 consecrata
642 2335 921 2431 pontificabilibus
936 2314 1075 2410 indutus
1084 2338 1301 2423 devotissime
1316 2363 1403 2430 eum,

227 2496 325 2567 quem
340 2495 420 2546 vere
444 2471 583 2544 dicimus
600 2477 780 2568 patronum
801 2478 835 2544 et
856 2471 1069 2545 fundatorem
1086 2480 1259 2581 ausuum,
1292 2473 1329 2546 id
1351 2482 1403 2547 est
1452 2504 1456 2509 ·

224 2614 361 2680 nostrae
383 2607 539 2679 ecclesiae
554 2606 819 2698 Reynersborn,
854 2606 1209 2682 seilicetLudewicum
1238 2609 1402 2700 comitem,

228 2741 425 2836 baptizavit,
458 2741 494 2811 in
514 2741 567 2811 die
592 2741 824 2812 decollationis
841 2741 1008 2815 Johannis
1022 2741 1193 2835 Baptiste‚
1227 2744 1284 2835 qui
1303 2751 1402 2839 natus

217 2874 337 2949 luerat
351 2875 388 2947 in
410 2873 462 2945 die
479 2872 504 2946 J
506 2872 645 2943 ohannis
662 2873 879 2966 Evangeliste
898 2880 974 2947 ante
991 2880 1124 2967 portam
1140 2874 1278 2946 latinam
1287 2878 1337 2966 4).

176 3014 218 3095 2'0
329 3009 377 3083 ut
390 3007 498 3104 primo
513 3008 555 3079 ad
572 3007 766 3102 progeniem
785 3007 929 3080 filiarum
949 3005 1063 3079 stilum
1079 3007 1280 3103 dirigamus,
1313 3012 1402 3098 unde

226 3144 442 3242 Hildegardis
457 3141 613 3239 Popponi
628 3141 739 3216 comiti
760 3143 800 3214 de
816 3142 1043 3238 Hennenberg
1054 3146 1090 3237 5)
1114 3145 1402 3221 matrimonialiter

226 3363 308 3414 lrunde
330 3363 389 3414 dem
414 3362 511 3414 Grafen
536 3362 567 3411 L.
592 3360 801 3427 zugeschriebene
826 3380 875 3412 nen
898 3362 992 3413 dritten
1016 3362 1085 3414 Sohn
1102 3362 1205 3430 Ludwig
1223 3362 1267 3413 des
1285 3364 1401 3431 Birtigen

226 3448 318 3501 Gebiet
340 3447 412 3498 einen
433 3446 507 3498 Theil
530 3445 575 3496 der
598 3445 706 3512 jetzigen
722 3446 800 3513 Goth.
827 3447 885 3510 aral,
910 3446 1032 3498 Heinrich
1050 3449 1139 3516 ltacpe.
1175 3448 1242 3498 Aber
1261 3446 1400 3511 iiileelrliclr‚

225 3539 328 3584 Aemter
345 3530 516 3598 Georgenthel
532 3548 555 3580 u.
571 3530 720 3596 Teuneberg
743 3548 800 3580 um·
826 3532 893 3582 deun
911 3533 956 3583 der
972 3542 1038 3582 erste
1054 3531 1174 3582 Heinrich
1192 3533 1273 3599 llnspe
1291 3551 1341 3583 war
1359 3533 1400 3584 ein

225 3616 298 3669 salet.
826 3616 895 3667 Sohn
911 3615 1027 3682 Ludwige
1045 3618 1083 3678 ll,
1108 3616 1152 3666 des
1170 3615 1309 3683 Springera.
1344 3617 1400 3682 Vgl.

228 3700 253 3767 1)
271 3700 320 3752 Mit
355 3700 557 3766 iiberzeugender
589 3699 736 3749 Gewil'slreit
768 3699 801 3749 iet
825 3699 1085 3766 unten,zumlahre
1104 3697 1210 3750 106511.
1229 3697 1302 3748 1129.

225 3785 267 3836 die
292 3784 406 3836 Abkunft
429 3785 475 3835 der
493 3783 625 3834 Gemahliu
647 3784 763 3850 Ludwigs
789 3785 800 3832 l
825 3782 853 3847 3)
872 3801 921 3834 von
938 3783 1038 3847 Matina,
1055 3781 1074 3845 †
1094 3780 1167 3832 1051.

225 3880 292 3921 trote
307 3870 369 3920 aller
385 3848 591 3935 Austrerigungen
609 3867 654 3917 der
672 3867 801 3918 Genealo-
825 3863 853 3931 4)
872 3869 906 3916 So
923 3867 1065 3916 verbessere
1083 3866 1125 3915 ich
1133 3864 1197 3916 nach
1212 3864 1257 3915 der
1274 3867 1399 3927 Ekltard’7

226 3954 308 4020 gluten
324 3953 393 4003 nicht
409 3953 586 4002 festzustellen.
613 3952 695 4011 Doch,
711 3950 801 4017 glaube
825 3951 901 4000 echeu
918 3949 1026 3999 Historia
1049 3949 1255 4016 deLandgraviis
1273 3952 1350 4003 Thur.
1373 3954 1399 4003 iu

226 4037 275 4103 ich,
292 4038 325 4087 ist
334 4038 388 4087 ihre
397 4038 575 4103 Abstammung
584 4054 627 4086 aus
636 4036 693 4085 dem
706 4036 801 4086 braun·
825 4034 915 4084 dessen
937 4032 1048 4099 Origines
1063 4034 1157 4085 Habeb.
1171 4062 1187 4072 -
1201 4040 1283 4086 Aoratn
1300 4037 1400 4104 Lipsiae

228 4121 511 4189 effiweigiseheullanse
527 4119 722 4182 unzweifelhaft,
737 4117 800 4170 atich
827 4119 900 4175 1721.
918 4117 1015 4186 peta.
1039 4119 1086 4168 Die
1101 4118 1268 4170 Handachrilt
1283 4120 1328 4171 der
1338 4123 1399 4173 All.

228 4203 323 4268 darum,
340 4207 394 4256 weil
408 4205 443 4255 sie
458 4207 516 4256 dem
531 4205 632 4271 inuigeu
646 4203 801 4255 Verhiiltnil'e
825 4215 882 4272 aagt
905 4205 968 4255 nach
988 4203 1140 4271 baptizavit:
1167 4215 1259 4268 „natus
1278 4205 1398 4256 lobannis

228 4288 333 4354 Ludwig
344 4290 510 4340 zurKaiserin
523 4289 606 4340 Gisela
623 4307 652 4341 so
663 4306 725 4356 ganz
742 4299 800 4339 ent·
826 4288 983 4355 ewangeliste
1006 4298 1064 4339 ante
1084 4299 1184 4356 portam
1207 4288 1325 4352 latinam,
1351 4289 1399 4340 ba-

227 4370 331 4439 spricht.
490 4438 499 4443 ‘
825 4373 932 4442 ptizatua
956 4373 1074 4424 lobanme
1096 4373 1205 4440 baptiste
1222 4374 1248 4422 in
1270 4373 1398 4424 decollac-

227 4453 255 4521 2)
275 4454 361 4506 lilios?
379 4482 413 4493 -·
448 4458 561 4519 Andere,
587 4446 799 4508 audiente.
827 4458 898 4509 cioue
916 4457 995 4523 ejus.“

227 4551 278 4593 vet.
290 4528 382 4607 lantgr.
398 4537 438 4590 bei
452 4539 561 4602 lllrkcrd,
575 4539 665 4591 itihren
681 4541 747 4592 noch
763 4541 802 4591 ei·
826 4544 853 4608 5)
872 4541 1064 4609 DicaerPoppo
1080 4541 1112 4607 (l)
1131 4540 1163 4591 ist
1178 4539 1224 4591 der
1231 4538 1278 4590 mit
1294 4536 1399 4589 histori-
