3426 5096
877 207 937 293 ar

314 381 448 461 odiret:
458 381 649 456 Hermanni‘
663 379 843 475 lantgravii
858 382 891 451 et
897 379 1111 459 ‚marchionis
1123 379 1319 471 ddellrerti,
1338 372 1494 457 ‘famoso-¹

314 541 388 593 rum
407 518 570 591 bellorum
586 515 713 589 notulis
733 512 875 609 q‘uedar'n
898 514 1201 610 prelibaverinrus,
1221 539 1261 589 co
1280 539 1388 610 usque
1410 541 1490 591 nar-

313 653 416 729 randi·
426 652 547 725 seriem
565 653 606 724 de
623 651 709 747 ipsis
725 651 884 724 dictando·
897 650 1074 741 eredimus,
1101 651 1417 746 quodpostorebra
1434 653 1490 736 ine

315 786 448 877 cendia,
473 793 552 882 post
573 786 790 860 multiformia
815 786 1027 859 orientalium
1050 786 1175 881 spolia,
1195 787 1267 881 jam
1294 787 1372 859 dicti
1394 788 1515 883 prim.

313 922 403 1016 cipes
418 921 461 993 ad
474 945 588 1017 paoem
601 921 775 995 redierint.
808 920 1033 1015 Dimissisque
1048 922 1153 993 totius
1168 921 1285 995 militie
1299 922 1402 1017 copiis
1415 946 1489 995 curn
1520 946 1540 1002 5

312 1057 539 1152 lantgravius,
566 1081 604 1129 ea
624 1080 687 1150 quc
707 1056 798 1157 pacis
819 1063 932 1147 erant,
955 1056 1124 1128 instanter
1145 1056 1281 1139 actitare
1296 1059 1329 1147 ¹)
1355 1063 1489 1152 satage·

313 1198 383 1283 ret,
410 1191 612 1266 Adellertus
630 1191 797 1282 marchio,
823 1198 1010 1286 contempta
1027 1191 1106 1265 fidei
1124 1192 1198 1264 date
1210 1193 1246 1286 ²)
1266 1191 1488 1283 conniventia,
1572 1284 1580 1291 ἢ

172 1347 215 1391 ra.
227 1347 301 1392 saro.
316 1328 367 1399 ad.
383 1327 510 1399 erroris
530 1351 621 1400 arma
638 1329 746 1400 denuo
767 1327 969 1417 revertitur,
994 1326 1079 1403 illud
1102 1348 1296 1423 proponens
1314 1327 1352 1399 in
1377 1328 1487 1400 consi·

311 1464 418 1535 storio
434 1463 596 1559 principis
612 1464 854 1554 Romanorum,
874 1463 974 1556 quod,
992 1462 1135 1557 prestito
1151 1462 1216 1543 sibi
1234 1468 1268 1533 et
1282 1462 1487 1558 principibus

312 1598 387 1671 aliis
405 1604 630 1689 sacramento,
655 1598 869 1671 Hermaunus
884 1597 1138 1699 Thuringorum
1154 1597 1365 1692 lantgravius
1380 1597 1486 1694 impes
1499 1617 1538 1672 lo

312 1740 459 1806 ratonem
481 1733 591 1829 ipsum
613 1734 748 1825 deberet
770 1734 853 1806 clam
878 1734 1046 1824 occidere,
1072 1733 1204 1834 siqquc,
1230 1734 1356 1828 pacatis
1374 1730 1489 1807 adiu-

313 1868 418 1942 vioom
438 1869 663 1965 principibus,
688 1869 917 1962 unusquisque
940 1870 1011 1942 suis
1032 1868 1244 1941 facultatibus
1267 1869 1370 1941 lilrcre
1394 1869 1486 1963 poti-

311 2011 416 2076 retur.
468 2003 581 2099 Atque
599 2006 695 2077 idem
706 2005 791 2077 illud
809 2005 1019 2085 adiciendum
1036 2004 1187 2101 putavit,
1213 2004 1320 2097 quod,
1347 2003 1378 2076 si
1395 2003 1486 2076 lant-

311 2142 448 2236 gravius
464 2148 579 2214 contra
594 2142 773 2237 prestitum
788 2141 1031 2214 sacramentum
1045 2140 1163 2235 venire
1184 2146 1218 2211 ct
1236 2139 1377 2213 inficiari
1394 2139 1485 2232 quod

312 2276 434 2355 dictum
458 2283 511 2349 est
536 2276 716 2367 voluisset,
741 2276 814 2371 ipse
835 2276 984 2349 marchio
1005 2277 1047 2348 ad
1073 2277 1237 2372 objectum
1260 2273 1485 2348 monomachie
1498 2297 1536 2350 15

311 2434 348 2483 se
370 2411 471 2483 iidem
491 2412 588 2482 dictis
609 2435 628 2483 a
647 2435 683 2484 se
703 2411 868 2483 iacturum
891 2411 1046 2506 promisit
1064 2411 1226 2507 irnperio,
1250 2410 1298 2483 ita
1321 2410 1486 2500 videlicet,

311 2546 401 2638 quod
422 2569 485 2619 nec
507 2546 543 2618 in
563 2543 900 2642 posterum'validum
918 2547 1022 2620 totius
1047 2546 1253 2619 credulitatis
1271 2547 1374 2627 robur
1399 2544 1485 2618 acci-

309 2688 423 2777 peret,
451 2682 565 2776 quiin
589 2682 656 2755 lroo,
676 2682 840 2778 singulari
861 2681 1040 2755 certamine
1065 2682 1118 2753 dei
1141 2682 1264 2754 auxilio
1283 2682 1389 2755 victor
1415 2681 1487 2754 eri-

310 2823 425 2892 storot.
477 2818 553 2891 Hoc
574 2819 686 2891 audito
702 2817 863 2905 Hinricus
882 2818 1064 2914 imperator
1087 2817 1258 2890 universis
1280 2815 1486 2912 principibus

308 2954 345 3026 in
362 2955 554 3029 „Northusin
583 2978 656 3026 cum
683 2953 895 3056 peremtoriis
908 2956 944 3055 ³)
970 2952 1086 3026 edictis
1100 2952 1238 3025 curiam
1265 2952 1417 3048 preligit,
1448 2958 1536 3026 uteo
1584 2992 1588 2997 ,

310 3088 513 3160 Adelbertus
532 3087 698 3177 marchio,
725 3089 814 3179 quod
841 3090 880 3159 do
903 3066 1019 3181 iniquo
1045 3087 1214 3160 molimine
1240 3074 1356 3160 contra
1381 3089 1487 3184 maje-

310 3229 430 3297 statem
452 3222 807 3317 imperialemdirerat
824 3247 898 3297 osse
916 3197 1121 3314 laciendum,
1147 3229 1352 3319 proponeret
1368 3223 1405 3295 in
1421 3247 1486 3318 pra-
1588 3190 1594 3197 ⁵

309 3358 420 3448 blico,
440 3358 594 3451 qpodque
613 3358 649 3429 in
674 3382 790 3430 aurem
812 3360 943 3432 locutus
969 3359 1098 3450 iuerat,
1124 3359 1234 3454 palam
1253 3365 1287 3430 et
1306 3356 1483 3431 manifeste

308 3494 568 3571 rnomomachiam
589 3493 772 3566 crlritendo
791 3501 1046 3590 protestaretur.
1095 3494 1258 3567 Sedourn
1276 3493 1485 3589 lantgravius
1531 3543 1533 3549 ν

307 3632 423 3705 literas
443 3630 672 3727 hujuscemodi
687 3653 789 3726 super
805 3654 884 3702 nece
901 3629 1114 3726 imperatoris
1132 3630 1324 3724 accepisset,
1345 3630 1387 3701 ad
1403 3649 1536 3725 proma

307 3770 449 3845 laudam
462 3768 690 3848 innocentiam,
706 3760 805 3839 suam
819 3791 893 3840 oum
909 3765 1098 3840 marchione
1119 3764 1277 3863 congredi
1294 3770 1426 3860 potarat
1435 3765 1484 3852 4),

306 3904 499 3996 paratisque
522 3904 709 3999 sumptibus
730 3903 768 3975 in
783 3902 978 3976 Northusen
994 3925 1068 3975 oum
1086 3901 1202 3974 literis
1226 3908 1259 3973 ct
1278 3897 1484 3972 ministeria-

308 4148 409 4198 Alberts
423 4165 474 4200 von
490 4149 608 4212 Liittich,
630 4150 698 4201 donn
715 4152 882 4204 Fiirstenver-
909 4152 933 4218 1)
947 4152 1066 4204 acticare.

308 4232 474 4298 schwo'rung,
489 4233 606 4283 .hierauf
630 4234 672 4282 die
700 4235 882 4286 Denunziation
906 4235 933 4301 ‘ll
949 4236 1018 4286 dote.

308 4309 440 4367 dlbrechts
464 4335 489 4367 v.
513 4318 550 4367 M.
573 4316 625 4366 und
650 4316 804 4368 achlielslich
837 4319 883 4369 der
907 4318 934 4386 3)
949 4321 1070 4372 omtoriis.

308 4400 407 4466 Hoitag
423 4400 450 4451 in
465 4400 615 4466 Altenburg.
649 4400 708 4468 Vgl.
729 4401 793 4452 anch
810 4403 881 4463 Abel,
906 4401 933 4470 4)
948 4405 1087 4471 properat?

308 4484 394 4552 Kiidig
404 4484 510 4552 Philipp,
529 4488 554 4536 S.
565 4481 597 4535 19
605 4484 632 4535 ff.
649 4503 673 4536 u.
687 4488 713 4535 S.
724 4482 881 4538 304-307.
