3422 5094
792 242 856 307 17·

221 409 343 484 ibidem
355 411 393 483 in
410 410 573 485 honorem
594 411 741 509 predicte
764 410 882 485 matris
899 412 1025 485 domini
1040 412 1210 506 sanctique
1226 405 1396 488 sensns

219 543 437 642 Evangeliste
455 547 659 621 monasterio
677 546 826 642 regulari
841 553 1032 620 constructo
1049 547 1202 622 nonnoni
1220 548 1318 645 juxta
1338 571 1395 622 ro-

221 681 332 776 gulam
353 683 459 755 saneti
472 682 646 757 Benedicti
660 682 815 756 viventes
835 682 1136 778 congregarentur,
1160 683 1208 756 ita
1224 684 1396 775 duntaxat,

220 823 259 889 ut
273 817 320 890 ibi
335 819 524 892 uenerabile
547 818 709 892 orationis
726 817 945 909 domicilium,
972 818 1050 891 dum
1069 817 1159 893 votis
1177 823 1211 891 et
1226 819 1394 914 supplica·
1526 786 1531 797 .

169 951 366 1046 ,ttionibus
385 954 530 1027 fideliter
547 954 836 1047 frequentaretur,
862 953 977 1026 sedule
998 953 1167 1026 orationes
1186 959 1254 1026 tam
1273 977 1335 1049 pro
1356 976 1392 1026 se

221 1110 319 1180 quam
344 1114 408 1184 pro
438 1090 565 1163 cunctis
590 1090 781 1187 preteritis,
816 1088 1028 1185 presentibus
1055 1095 1090 1161 et
1113 1088 1237 1161 futuris
1261 1088 1394 1179 fierent,

219 1229 321 1317 utque
335 1225 369 1317 1)
393 1224 586 1322 hujusmodi
609 1227 692 1300 actio
714 1250 784 1299 non
801 1227 843 1298 ad
857 1232 989 1322 tempus
1003 1224 1064 1298 sed
1085 1224 1238 1296 continue
1253 1247 1395 1320 perage-

219 1366 325 1432 retur.
377 1359 431 1434 Er
454 1363 601 1459 propriis
622 1363 807 1458 sumptibus
828 1361 962 1435 domino
991 1361 1054 1475 deo
1073 1360 1111 1432 in
1131 1360 1394 1435 sustentaculum

220 1493 302 1566 inibi
328 1495 531 1572 militaturus
552 1498 692 1572 tradidit
716 1498 757 1571 ad
785 1500 926 1571 eundem
952 1497 1061 1570 locum
1080 1497 1179 1571 villas
1195 1496 1393 1592 Aldinborg,

171 1628 501 1729 ¹⁰Dinstirberg2),
527 1633 783 1730 Engillespscb,
810 1633 997 1730 Espenvelt
1017 1657 1091 1706 cum
1116 1632 1269 1706 omuibus
1291 1633 1392 1705 rebus

219 1771 254 1837 et
273 1766 472 1841 utilitatibus
494 1772 538 1841 ad
563 1771 696 1842 easdem
718 1770 817 1843 villas
837 1769 1101 1866 pertinentibus,
1129 1793 1202 1842 cum
1219 1767 1396 1864 mancipiis

85 1974 92 1983 ,
218 1901 397 1996 utriusque
426 1927 526 1977 sexus
559 1905 795 2001 compluribus.
854 1905 1055 1979 Ludewicus
1086 1906 1190 2002 igitur
1215 1924 1326 1977 comes
1353 1904 1394 1975 de

217 2036 400 2133 Hirsaugia
418 2039 513 2113 viros
534 2041 732 2137 religiosos,
757 2041 943 2114 Ernestum
964 2030 1112 2137 priorem
1138 2063 1212 2113 cum
1231 2039 1306 2112 allis
1324 2037 1394 2112 XII

220 2173 351 2246 devotis
376 2151 409 2247 et
430 2175 598 2271 religiosis
620 2177 705 2250 viris
725 2177 863 2249 adduxit
887 2177 924 2248 in
942 2176 1230 2267 Reynbarsborn,
1257 2176 1313 2268 qui
1339 2196 1395 2247 se·
1439 2228 1442 2239 .

170 2310 363 2383 ltcundum
389 2310 705 2405 cluniacensium)
732 2304 1015 2408 Hirsaugensi'um
1046 2312 1196 2386 ordinem
1224 2311 1286 2383 deo
1311 2309 1395 2383 inibi

220 2444 374 2519 devotius
397 2448 618 2521 deservirent.
670 2448 767 2523 Unde
790 2450 880 2522 idem
897 2448 1099 2522 Ludewicus
1120 2469 1230 2520 comes
1256 2453 1301 2519 et·
1315 2445 1393 2519 fun-

218 2581 315 2655 dator
346 2584 486 2656 tradidit
512 2584 555 2657 iis
583 2584 688 2657 multa
718 2587 824 2676 bona,
857 2585 959 2658 scilic'.
989 2584 1026 2656 in
1050 2582 1194 2656 Francia
1228 2581 1395 2673 orientali,

219 2716 306 2809 apud
328 2717 526 2807 Saroniam,
552 2719 589 2790 in
608 2719 814 2816 Thuringia,
841 2719 942 2791 etsie
967 2720 1007 2790 de
1031 2718 1084 2789 die
1101 2718 1138 2789 in
1159 2717 1247 2790 diem
1265 2740 1395 2790 crescc-

218 2851 300 2922 bant
327 2858 361 2923 et
387 2854 684 2945 augmentabantur
708 2853 745 2924 in
764 2853 880 2941 bonis,
908 2858 941 2922 et
959 2851 1083 2922 mirltos
1100 2850 1231 2927 nobiles
1257 2850 1394 2920 comites
1433 2876 1439 2887 *

167 2988 363 3058 2⁰barones
389 2992 423 3058 et
447 2985 571 3059 milites
596 2986 783 3059 trabebant.

259 3153 262 3159 ·
303 3120 385 3180 Anno
413 3122 523 3180 Domini
539 3121 760 3199 ,Mssnxxxm
788 3123 915 3181 llinricus
946 3112 1098 3200 imperator
1122 3119 1271 3179 Saxoniern
1294 3130 1393 3191 vastat,
1408 3128 1465 3173 Eku-
1479 3128 1534 3174 chr.

219 3223 399 3304 Worzeburg
420 3244 437 3282 a
460 3223 616 3284 Senonibus
639 3235 669 3284 et
688 3224 831 3284 Alemannis
854 3223 996 3284 obsidetur
1018 3225 1183 3302 strepitur.
1403 3197 1537 3243 ”mm

302 3327 465 3411 llemanno
488 3326 599 3384 Domini
620 3324 868 3386 M.L.XXXV.lll.
900 3326 993 3385 Bucco
1017 3323 1259 3384 Halborstadensis
1284 3325 1393 3401 episco-
1406 3335 1464 3379 Eur.
1478 3333 1534 3378 our.

217 3466 266 3524 pos
300 3445 435 3505 occiditur
460 3444 608 3516 Goslarie,
642 3428 695 3500 cui
717 3427 895 3501 Errandus
925 3427 1059 3500 nomine
1088 3434 1121 3500 ct
1149 3450 1186 3501 re
1213 3425 1393 3499 monachus
1403 3402 1471 3447 ⁰¹¹¹*
1480 3403 1537 3447 Μ’

166 3558 207 3613 25
220 3547 374 3640 omnique
391 3548 459 3621 vite
481 3548 601 3620 merito
623 3546 799 3619 laudabilis
823 3546 980 3619 succedit.
1023 3561 1128 3621 Eodem
1148 3573 1272 3641 ternpore
1290 3558 1393 3619 Berua

216 3683 378 3762 imperatrix
397 3682 465 3740 obiit
485 3693 514 3740 el
535 3683 562 3740 in
580 3682 672 3761 Spyra
689 3683 829 3760 sepelitur.
875 3682 943 3740 Post
962 3683 1017 3740 hoc
1040 3682 1192 3759 imperator
1212 3679 1290 3738 duxit
1311 3678 1391 3736 aliam
1417 3691 1449 3735 io.
1462 3691 1519 3735 rm

216 3803 346 3855 uorem,
374 3782 528 3842 Ruseorum
550 3784 626 3863 regis
653 3784 752 3855 liliam,
781 3782 878 3842 Utonis
905 3783 1071 3842 marchionis
1097 3780 1132 3842 de
1158 3780 1244 3840 Stade
1272 3779 1390 3849 viduam,

213 3880 356 4013 matiem
374 3901 581 3994 Adelbeydis
602 3900 800 3975 fundatricis
820 3901 949 3975 cenobii
966 3876 1288 3991 Reynbardisborn‚
1313 3897 1392 3986 Ute,

215 4038 333 4112 matris
357 4036 504 4111 conradi
531 4037 753 4129 marchionis,
786 4037 893 4133 patris
922 4034 1057 4110 (lttonis
1083 4033 1305 4125 marchionis,
1336 4032 1391 4107 aui

166 4173 208 4230 ³⁰
220 4168 418 4245 Theoderici
436 4173 638 4248 marchionis
657 4172 859 4264 Misnensis,
886 4172 943 4268 qui
967 4172 1083 4269 genuit
1098 4171 1275 4246 Hinricurn
1299 4192 1391 4241 rner-

218 4433 244 4501 1)
259 4446 286 4487 ut
304 4452 360 4505 que.
816 4439 843 4505 3)
858 4439 1059 4508 clymocensium.

216 4516 243 4586 2)
257 4519 372 4572 desselbe
388 4536 437 4572 was
455 4521 639 4589 Fineterberga.
