3422 5094
212 1201 599 1280 Rucurlruutclu
632 1205 695 1280 ΕΤ
721 1205 983 1327 ΒΕΡΕΤΙΟΙΟ
1016 1144 1228 1285 commu
1255 1208 1390 1286 luru-
1404 1240 1541 1291 nume

354 1339 593 1433 RATORIS,
620 1341 752 1435 Quam
776 1341 938 1463 ADHUF
965 1343 1058 1419 Nou
1083 1342 1244 1419 HABUI.

300 1539 443 1602 Conradus
470 1544 569 1603 salicus
590 1547 701 1605 natione
718 1546 840 1605 Francus
865 1566 901 1605 cx
923 1547 986 1606 viiia
1009 1567 1079 1628 quae
1104 1545 1203 1607 dicitur
1217 1549 1388 1629 Weheiinga
1401 1562 1478 1606 doctr.
1492 1562 1539 1608 vit

213 1652 293 1700 natus
311 1644 425 1705 consilio
447 1646 619 1722 imperatoris
639 1641 756 1718 Hinrici}
787 1648 865 1725 cujus
882 1659 975 1707 tamen
993 1648 1055 1708 dnm
1072 1649 1178 1708 viveret
1199 1653 1316 1728 gratiam
1332 1668 1387 1710 non
1408 1630 1519 1744 pff&

212 1742 342 1814 habebat,
356 1744 391 1802 ab
405 1746 528 1803 omnibus
543 1748 647 1805 eiectus
664 1759 708 1807 est
722 1751 908 1826 octogesimus
923 1751 1030 1829 quintus
1048 1761 1078 1809 et
1089 1753 1216 1829 regnavit
1229 1753 1307 1823 aunis
1322 1752 1387 1812 XV.

213 1843 265 1915 uic,
284 1843 318 1902 de
336 1846 431 1923 primis
447 1845 613 1913 Francorum
631 1849 744 1937 regibus
757 1850 889 1927 originem
905 1852 991 1911 traxit
1004 1849 1253 1930 etpredeccssoris
1268 1855 1311 1912 sui
1322 1853 1389 1912 Hin-

171 1960 190 2013 5
214 1946 263 2003 rici
281 1957 390 2024 neptam
409 1966 524 2017 uxorem
544 1949 653 2020 habuit,
685 1952 793 2008 nomine
813 1949 944 2030 Gyseiam
962 1938 1119 2030 degenere
1138 1952 1318 2025 Karoiorum‚
1351 1954 1388 2014 si-

212 2046 265 2108 cud
282 2058 359 2125 patet
377 2067 428 2126 per
443 2047 494 2106 hos
509 2068 622 2131 versusa
656 2050 772 2123 Quando
787 2050 853 2129 post
870 2050 1002 2110 decimam
1017 2065 1176 2112 numeratur
1191 2056 1264 2114 linea
1279 2065 1386 2134 quarta,

211 2154 246 2214 de
263 2155 369 2214 Karoio
388 2175 488 2234 magno
511 2159 649 2233 processit
666 2159 769 2238 Gysoia
791 2157 919 2236 prudens.
964 2153 1038 2226 Heu
1052 2153 1194 2231 hahebat
1207 2156 1291 2228 duos
1307 2178 1388 2231 con-

191 2283 442 2378 sanguineos,
482 2282 609 2355 scilicet
642 2284 822 2381 Hugonem
848 2286 1001 2360 comitem
1035 2285 1301 2380 et'Ludcuioum
1333 2288 1388 2363 di-

210 2424 299 2490 cium
315 2442 388 2491 cum
407 2422 527 2513 barba,
552 2421 693 2495 fratrem
710 2444 819 2497 suum.
873 2428 1015 2489 Conradus
1033 2431 1130 2510 'itaque
1145 2450 1197 2490 rex
1216 2443 1279 2490 erat
1294 2433 1322 2491 in
1337 2450 1385 2490 ar·
1428 2441 1484 2487 tntu.

149 2555 261 2632 ,tomis
280 2566 422 2627 strenuus,
452 2557 566 2615 consilio
586 2555 733 2635 providus,
763 2555 900 2634 sapientia
923 2554 1025 2615 forensi
1046 2566 1075 2621 et
1092 2555 1157 2633 jure
1177 2556 1249 2615 civiti
1270 2557 1385 2634 peritus,
1410 2638 1414 2644 Ι

209 2666 238 2712 et
254 2657 280 2712 in
297 2657 431 2733 religione
448 2657 563 2716 devotus
580 2670 608 2716 et
625 2656 774 2734 predonum
792 2668 874 2736 atque
888 2666 1028 2732 raptorum
1045 2668 1208 2734 persecutor
1220 2657 1384 2733 acerrimus.

211 2752 288 2812 Unde
305 2755 464 2832 Luppoidus
484 2776 592 2827 comes,
625 2758 744 2815 violator
763 2759 852 2834 pacis,
876 2757 973 2813 timens
993 2755 1081 2813 occidi
1101 2740 1279 2826 aConrado‚
1315 2757 1385 2834 fugit

209 2855 235 2912 in
253 2854 359 2933 sylvam
383 2867 413 2914 et
438 2857 634 2926 uxorcomitis
654 2857 762 2933 peperit
779 2856 878 2925 filium,
911 2856 955 2911 cui
977 2872 1028 2930 per
1048 2852 1247 2929 providentiam
1269 2855 1314 2914 dei
1337 2855 1386 2914 de·

209 2967 358 3033 sponsatur
379 2956 435 3015 filia
458 2955 577 3014 Conradi
599 2957 692 3034 regis,
725 2955 790 3012 licet
815 2954 901 3025 inviti,
925 2964 955 3011 ut
970 2963 1052 3010 antea
1068 2955 1164 3031 patuit.
1207 2953 1279 3015 Dum
1297 2956 1384 3034 elige·

159 3069 199 3122 15
209 3068 286 3115 retur
302 3059 328 3114 in
344 3076 439 3135 regem
458 3056 616 3127 conradus,
639 3041 747 3134 quidam
766 3053 821 3112 dux
836 3052 912 3111 Cuno
930 3055 1037 3112 nomine
1053 3056 1258 3132 potentissimus
1272 3057 1382 3116 volebat

207 3177 327 3236 regnare
351 3138 386 3218 et
398 3158 459 3216 dum
478 3160 711 3236 interrogaretur,
743 3157 802 3234 quis
821 3157 918 3232 apcior
932 3167 1008 3216 esset
1027 3155 1063 3213 ad
1077 3166 1207 3234 regnum,
1240 3155 1382 3235 respondit

207 3261 284 3337 qnasi
300 3258 449 3320 derisorie:
482 3279 568 3336 nepos
586 3277 663 3316 meus
679 3259 740 3315 duc
760 3259 917 3316 Conrodus.
966 3256 1106 3321 Credebant
1120 3259 1193 3316 enim
1211 3259 1266 3319 hoc
1279 3259 1381 3338 impos-

206 3361 285 3420 sibiie
301 3381 374 3421 esse.
422 3361 482 3433 Quo
497 3359 589 3418 audito
606 3376 701 3418 omnes
717 3357 873 3418 Conradum
889 3360 1005 3438 eligunt,
1030 3359 1107 3418 Cuno
1121 3378 1189 3419 vero
1205 3360 1380 3433 contradixit,

206 3461 256 3521 sed
278 3483 332 3520 non
353 3462 450 3540 potuit.

156 3650 197 3704 20
289 3629 371 3689 Anno
395 3629 498 3689 domiui
519 3629 694 3702 MXXVU)
718 3630 860 3702 Hinricus‚
893 3629 1013 3697 Conradi
1036 3641 1064 3689 et
1081 3630 1184 3709 Gyseie
1206 3632 1294 3702 iilius,
1323 3649 1375 3689 rex
1388 3641 1512 3685 urucae

205 3733 337 3803 efficitur,
369 3731 511 3790 Conradus
536 3751 603 3789 vero
623 3731 737 3790 Romam
762 3729 878 3789 tendens
903 3731 1036 3808 imperiali
1057 3730 1252 3789 benediccione
1277 3751 1377 3809 prove·
1425 3708 1494 3753 univ.

205 3843 286 3902 nitur.
331 3832 442 3907 Erant
461 3840 571 3905 autem
586 3832 651 3906 hiis
665 3832 781 3904 diebus
800 3831 864 3903 duo
880 3830 1003 3904 fratres
1019 3830 1168 3926 germani
1182 3854 1222 3903 ex
1237 3830 1378 3904 Francis

205 3969 339 4043 orirmdi
356 3971 403 4042 cis
420 3970 555 4043 Renum
567 3970 603 4060 2)
631 3969 670 4040 de
695 3964 941 4061 elegantissima
959 3967 1064 4062 stirpe
1090 3989 1207 4062 regum
1225 3964 1376 4039 Franco-

207 4149 231 4214 1)
250 4152 423 4219 DasOriginal
439 4152 484 4203 het
498 4151 553 4202 hier
567 4151 607 4201 ein
625 4149 777 4216 unriohtiges
802 4147 829 4215 2)
848 4149 978 4200 cisrenum.
1004 4177 1037 4189 -
1071 4149 1118 4200 Die
1145 4151 1225 4217 Frage
1248 4149 1310 4203 iiber
1334 4149 1376 4199 die

204 4232 279 4294 Jahn,
308 4235 427 4286 Heinrich
447 4238 484 4286 111
507 4235 592 4286 wurde
616 4234 778 4286 bekanntliah
803 4233 1053 4301 HerkunftLudwigs
1061 4233 1108 4284 mit
1120 4233 1178 4284 dem
1187 4233 1301 4286 Berteist
1309 4232 1376 4285 noch

203 4314 238 4365 im
250 4316 310 4365 Jahn
325 4317 389 4370 1028
401 4336 457 4370 zum
465 4319 621 4386 Naohfoiger
634 4320 714 4371 scinco
722 4322 776 4373 Va·
801 4317 889 4369 immer
912 4319 1126 4383 unentschieden,
1153 4328 1221 4370 trotz
1248 4317 1292 4367 der
1317 4320 1375 4368 Un-

202 4409 254 4449 ters
269 4399 373 4450 erw'a'hlt
387 4401 561 4468 undgokriint.
584 4405 703 4471 Dagegen
716 4404 776 4472 ging
800 4403 982 4470 tersuchungen
990 4402 1102 4466 licitam,
1120 4402 1293 4467 Senkenbergs
1308 4418 1334 4451 u.
1343 4404 1374 4450 A.

202 4482 337 4549 allerdings
357 4482 457 4536 Conrad
473 4487 497 4535 11
516 4482 581 4537 1026
597 4488 662 4539 nach
679 4485 775 4541 italien.
802 4486 864 4538 Deis
890 4503 918 4537 er
947 4503 992 4537 aus
1025 4485 1106 4539 ciuem
1131 4484 1292 4536 fr'a'nkiochen
1319 4482 1374 4532 Ge·

1151 4576 1167 4630 1
