3422 5094
879 227 923 295 38

309 399 510 496 pronubus
526 420 659 483 murm
673 397 940 479 benevolentium
954 399 1148 495 posuero,
1169 399 1391 495 pesum
1414 408 1485 480 turn

310 534 477 615 seculares
492 557 590 627 quarn
605 532 809 629 spirituales,
824 556 899 611 cum
911 518 1017 609 mults
1032 534 1209 613 devotione
1223 535 1433 629 honorando,
1450 545 1485 611 et

309 670 465 769 precipuo
483 668 653 747 ecelesiam
673 691 693 743 s
713 668 784 745 suis
802 668 1073 764 progenitoribus
1091 675 1335 763 constructum,
1360 672 1485 755 scilicet

311 805 573 895 linientibus,
598 804 820 881 venerabatur
837 810 872 879 ot
887 803 1043 899 diligebat
1063 827 1199 898 samque
1218 806 1256 882 in
1272 807 1386 882 multis
1404 831 1485 903 prr·

309 938 374 1019 diis
393 946 429 1013 ei
450 938 716 1037 promotionibus
736 939 924 1019 crtollebrt.
974 937 1124 1033 Eratque
1145 940 1176 1015 ci
1195 941 1377 1036 solempnis
1400 966 1482 1016 con·
1514 949 1535 1002 ⁵
1579 916 1583 921 .

229 1097 231 1101 ·
289 1075 475 1165 suetudo,
497 1078 564 1166 (ut)
583 1074 621 1155 in
641 1072 922 1164 dioecesaneis,
947 1073 1076 1155 scilicet
1091 1074 1129 1149 in
1148 1074 1322 1155 nouenae
1347 1077 1484 1173 domiui,

308 1210 345 1291 in
369 1231 448 1289 ctus
472 1209 617 1300 domiui,
642 1209 678 1283 in
704 1231 902 1304 parasceve,
926 1208 964 1283 in
986 1207 1109 1303 pascha
1134 1216 1172 1300 et
1192 1210 1231 1284 in
1251 1210 1326 1285 aliis
1350 1210 1484 1289 festivis

310 1344 425 1419 diebus
445 1314 568 1426 burs
588 1343 707 1421 officiis
725 1344 906 1419 interesset
929 1325 963 1415 ct
983 1342 1019 1429 sc
1040 1367 1139 1438 quoru
1163 1368 1244 1422 suos
1266 1369 1364 1438 quom
1384 1346 1484 1423 euru

310 1502 443 1561 omnem
465 1480 756 1576 congregationem
778 1479 867 1553 brute
892 1484 926 1555 ct
944 1479 1028 1555 bene
1050 1479 1090 1555 ds
1113 1479 1185 1553 suis
1208 1487 1425 1573 prnsurust,
1451 1488 1485 1557 ct

309 1621 389 1710 post
408 1636 577 1695 recessum
595 1638 694 1693 suum
717 1615 757 1686 ds
782 1613 866 1704 biis,
892 1636 955 1707 quc
981 1613 1012 1686 ei
1033 1621 1267 1691 remanserunt
1291 1615 1328 1691 in
1352 1616 1424 1689 cibo
1450 1623 1535 1689 soro

309 1756 403 1845 potu,
422 1771 483 1847 per
498 1748 647 1827 triduum
662 1749 771 1823 omnis
786 1748 998 1844 congregatio
1015 1755 1264 1847 procuraretur.
1297 1749 1384 1827 Erat
1397 1750 1486 1826 cuim

310 1884 399 1957 idem
415 1885 571 1984 princeps
589 1892 623 1965 ct
640 1886 822 1963 benevolus
837 1887 872 1975 1)
891 1907 971 1980 ergo
991 1906 1107 1961 omncs
1124 1883 1287 1976 homines,
1312 1886 1359 1961 ita
1375 1892 1414 1960 ut
1431 1884 1484 1963 di-

311 2027 443 2101 coretur
467 2044 556 2117 pyus
580 2020 792 2098 Ludewicns.

159 2165 213 2210 ose.
226 2165 302 2223 simp.
395 2155 478 2223 Auno
495 2155 606 2231 Domini
618 2154 807 2221 MCLXXVH
825 2157 852 2215 in
869 2155 941 2216 icsto
959 2156 1047 2219 sancti
1061 2154 1159 2217 iacobi
1174 2152 1246 2235 apud
1260 2154 1404 2221 Venetiam
1427 2173 1484 2220 rue·

187 2246 211 2279 ⁸⁴
222 2234 278 2279 ¹¹²⁷·
311 2256 402 2325 dinnte
420 2256 559 2319 Cristiuno
577 2257 784 2337 archiepiscopo
801 2255 1006 2335 Mognnbinensi
1021 2277 1093 2337 papa
1117 2268 1145 2315 ct
1167 2258 1317 2341 imperator
1336 2268 1400 2336 post
1416 2256 1485 2315 XIX
1497 2260 1536 2317 15

311 2378 398 2417 annos
417 2356 524 2415 discidii
541 2348 766 2430 reconciliantur3
790 2356 916 2415 abdicato
936 2360 1010 2437 regis
1026 2360 1201 2417 conniventia
1220 2358 1341 2430 Calixto,
1364 2357 1486 2417 Alexarc-

311 2457 363 2518 dsr
391 2478 462 2537 papa
486 2457 618 2530 babetur,
647 2456 738 2516 edicta
761 2470 906 2521 mutantur.
961 2458 1158 2519 Eriiordenses
1188 2460 1303 2523 consitio
1318 2462 1346 2531 2)
1378 2460 1485 2517 comitis

313 2558 416 2625 bonini
435 2570 463 2621 et
477 2560 586 2621 comitis
604 2559 723 2629 Hirrici,
746 2559 862 2641 quodam
878 2561 1026 2623 temerario
1045 2580 1114 2625 ausu
1130 2558 1240 2625 domiuo
1257 2581 1308 2621 suo
1325 2559 1484 2634 Ludowico¹

312 2660 405 2727 inclito
422 2661 582 2739 provinciali
596 2680 628 2723 sc
646 2672 785 2740 opponunt
802 2672 832 2720 et
851 2680 956 2740 queque
979 2661 1015 2719 ad
1032 2680 1094 2723 enm
1114 2642 1266 2741 spectantia
1283 2662 1387 2719 civitati
1409 2660 1487 2738 adja-

310 2763 418 2834 centia,
442 2774 568 2843 quantum
588 2763 676 2834 licuit,
699 2761 844 2821 devastant
859 2774 887 2821 et
902 2763 1057 2821 incendunt.
1103 2762 1144 2821 01)
1159 2783 1238 2840 quarn
1254 2754 1541 2841 presumptionem'w

313 2864 440 2944 princeps
459 2865 487 2922 in
504 2864 572 2923 iram
587 2874 743 2943 permotus,
767 2866 820 2923 tria
839 2865 954 2923 castriis
971 2864 1089 2943 predicti
1106 2865 1209 2923 Hinrioi
1231 2865 1339 2923 comitis
1361 2865 1387 2922 in
1409 2863 1487 2922 brou

256 3044 258 3052 y
311 2985 473 3049 oppugnans
491 2964 636 3029 destruxit.
680 2966 748 3025 Post
764 2966 857 3039 roem
878 2966 1036 3048 principalis
1053 2976 1146 3025 eomes
1162 2963 1326 3027 Ludewicus
1344 2967 1372 3023 in
1389 2965 1488 3027 militu-

313 3065 388 3123 ribns
408 3065 511 3127 nostris
529 3065 696 3147 temporibus
714 3068 919 3127 strenuissimus
943 3078 972 3125 et
990 3067 1061 3126 benc
1079 3066 1198 3151 anderes,
1221 3066 1322 3125 domini
1340 3069 1489 3149 imperato·

314 3165 363 3236 ris,
385 3163 512 3223 avuncuii
528 3162 656 3225 videlicet
668 3167 719 3237 sni,
738 3166 819 3243 jussu
834 3178 864 3226 et
876 3166 1049 3233 coloniensis
1062 3169 1264 3247 arciriepiscopi
1279 3179 1488 3246 ceterorumque

314 3266 465 3344 principun
479 3276 588 3344 rogatu,
610 3265 764 3325 cnsffictrnn
781 3267 860 3327 fedus
874 3269 984 3346 prefate
1001 3269 1062 3328 duci
1078 3270 1190 3331 Hierico
1198 3271 1229 3342 ⁴)
1243 3270 1397 3346 refragans,
1412 3269 1486 3333 dnos
1496 3282 1539 3335 25

316 3367 497 3435 110111011θὸ
512 3386 592 3433 manu
605 3368 696 3449 amigo
709 3369 840 3455 villasque
855 3391 909 3431 uon
920 3391 1024 3451 paucas
1041 3392 1092 3450 pro
1109 3371 1195 3435 lubitu
1205 3373 1233 3444 ὗ)
1250 3370 1423 3453 imperatoris
1438 3366 1486 3435 den

316 3469 435 3528 vastavit
454 3480 483 3528 et
501 3467 629 3528 incendit.
673 3469 781 3529 Deinde
805 3470 902 3530 ducem
924 3471 1054 3544 eundem,
1078 3458 1158 3551 copia
1181 3473 1290 3530 militari
1310 3469 1438 3529 vadatum
1460 3470 1487 3526 in

282 3604 289 3619 x
313 3569 491 3649 'iburingiam
509 3569 711 3643 succedentem,
734 3592 750 3632 e
767 3574 883 3651 vestigio
901 3573 1074 3652 subsequitur
1089 3584 1243 3655 terramque
1260 3592 1310 3633 sue
1326 3572 1436 3630 ditionis
1453 3570 1488 3629 ab

313 3672 414 3734 eodem
430 3671 577 3745 incendiis,
600 3673 717 3752 rapinis,
740 3674 964 3735 subversionibus
984 3675 1044 3752 jarn
1065 3692 1136 3757 pene
1152 3673 1320 3744 deodatum,
1343 3671 1406 3732 durn
1424 3690 1490 3732 con-

316 3787 392 3843 serto
409 3777 559 3836 certamine
572 3776 655 3834 aruris
671 3787 818 3835 conaretur
832 3775 992 3850 defendere,
1015 3777 1071 3836 suis
1090 3776 1230 3835 enerviter
1238 3777 1266 3847 ⁶)
1284 3786 1365 3853 terge
1379 3785 1540 3842 verton-50

315 3877 402 3948 tibns‚
425 3877 485 3954 ipse
503 3897 564 3936 cnm
582 3878 677 3957 paucis
697 3878 807 3941 fortiter
825 3879 928 3939 iaciens
949 3890 979 3945 ut
996 3878 1084 3939 bonus
1107 3877 1237 3961 emeritus
1261 3877 1378 3954 (milesio
1401 3875 1490 3933 mniti-

318 4072 346 4138 11
357 4071 498 4131 besirobu.
916 4078 1024 4129 Mcnkeu
1041 4095 1084 4129 ens
1100 4077 1147 4128 der
1163 4077 1260 4128 iitcren
1273 4074 1390 4133 nerone
1405 4073 1489 4125 cneo-

315 4153 346 4222 2)
358 4155 475 4215 manilio
916 4163 959 4215 nik
975 4162 1016 4213 dic
1028 4162 1103 4215 Jahre
1122 4158 1204 4225 1179,
1224 4156 1289 4215 1180
1304 4176 1329 4217 u.
1344 4156 1409 4215 1181
1427 4157 1490 4213 uuit-
1612 4160 1616 4167 ’

316 4239 345 4308 ὃ)
359 4239 476 4305 diffidi&
492 4238 565 4297 11811.
591 4241 634 4293 cf.
652 4241 779 4307 corsae.
795 4243 890 4315 pm,
914 4246 1003 4309 theiit,
1028 4246 1069 4299 die
1085 4247 1130 4299 uir
1146 4245 1283 4303 tusilweice
1303 4245 1330 4305 io
1351 4243 1402 4301 den
1419 4244 1490 4299 Mb

316 4329 390 4378 snm.
914 4330 1101 4389 wisdorfindeue

316 4407 343 4477 4)
358 4408 478 4461 Heinrich
493 4410 552 4461 dem
568 4411 670 4462 Liiwon.
914 4409 945 4480 6)
956 4414 1099 4475 cuprinum

314 4493 344 4558 ,5)
358 4491 494 4561 prohibitu.
528 4497 554 4547 S.
575 4495 634 4548 chr.
652 4495 708 4545 8.Ρ.
724 4512 750 4561 ρ,
762 4488 825 4560 225,
851 4514 889 4548 uro
