3422 5094
228 410 321 479 tudine
334 411 369 486 1).
379 430 434 492 non
451 408 587 470 industria
601 409 721 468 bostium
737 420 900 487 superatus,
920 424 982 466 eum
996 422 1193 485 gemescunt)
1210 406 1310 465 amite
1326 403 1404 465 vite

226 512 292 573 licet
306 514 479 584 Hermanno,
502 513 616 591 aliisque
637 510 776 591 pluribus,
798 528 850 568 nec
871 529 925 568 nen
943 505 1102 587 quibasdam
1119 494 1262 587 utrobique
1283 508 1398 566 interfe-
1410 516 1452 561 ret.
1466 517 1543 562 ate-t.

226 617 287 685 ctis,
310 614 456 673 abducitur
471 614 524 672 beu
541 614 674 690 captivus,
697 631 752 675 uon
769 598 873 669 tantuin
888 609 1037 687 Thuringic
1050 609 1132 665 immo
1146 608 1199 666 toti
1214 608 1363 686 reipublice
1372 609 1402 684 ²)

225 704 403 788 tristitiamf)
419 698 575 794 relinquens
592 712 627 772 de
644 733 695 771 sua
713 713 810 771 merito
828 711 946 770 dolenda
965 709 1123 791 captivitate
1133 709 1173 780 ⁴).
1207 709 1333 769 Hinricus
1349 730 1398 769 co·

196 821 284 874 5mes
301 817 399 875 tertius
415 817 518 895 Ruspe,
541 814 688 877 Ludewici.
698 815 843 892 lantgravii
856 831 1016 891 germanus,
1038 809 1136 869 eedem
1151 829 1223 889 auno
1237 810 1314 870 obiit.
1347 812 1401 871 lm*
1435 827 1441 832 ·

224 928 340 995 perator
362 919 531 997 querimonis
551 917 702 995 principum
722 935 806 993 super
827 914 903 973 ducis
926 911 1101 971 intollerabili
1124 912 1297 971 animositate
1319 913 1401 970 satis·

193 1007 196 1014 ¹
225 1019 329 1076 faciens
348 1030 378 1077 et
395 1000 622 1095 saxoniam'cum
640 1019 764 1076 exercitu
780 1014 955 1096 ingrediens,
978 1013 1073 1072 urbem
1091 1013 1227 1091 antiquam
1243 1012 1400 1091 Hartzborg

224 1116 324 1175 dictam
348 1137 409 1177 cum
431 1120 491 1178 aliis
514 1130 631 1198 quatuor
648 1118 682 1176 ab
700 1117 825 1195 ejusdem
844 1117 975 1175 offensam
997 1114 1074 1173 ducis
1092 1113 1246 1173 reedificari
1265 1112 1397 1193 precepit,

223 1219 317 1296 sicque
334 1237 404 1296 pace
421 1239 506 1297 usque
529 1230 708 1297 pentecosten
728 1212 898 1297 composita,
925 1235 1027 1295 greges
1045 1206 1210 1286 turmarum,
1237 1216 1282 1295 qui
1305 1201 1411 1275 secum'

174 1320 344 1390 difluerent,
367 1318 443 1377 abire
462 1321 595 1398 permisit,
618 1321 688 1378 illius
707 1319 865 1417 quibusdam
884 1318 1049 1379 castellisin
1067 1316 1233 1375 deditionem
1250 1317 1396 1395 susceptis.

307 1419 390 1477 Anno
408 1418 518 1478 Domini
532 1419 707 1480 MCLXXXl
716 1422 745 1494 ⁶)
769 1421 909 1489 castellum
927 1420 1030 1478 Hinrici
1051 1418 1143 1489 ducis,
1163 1417 1272 1487 scilicet
1290 1417 1398 1477 Haldis·

223 1521 301 1578 leven
320 1518 432 1590 dictum,
454 1521 671 1581 aWicbmanno
685 1521 920 1600 Magdeburgensi
936 1521 1154 1598 archiepiscopo,
1176 1519 1291 1598 aliisque
1308 1518 1397 1577 Saxo-

223 1641 285 1678 num
303 1621 468 1699 principibus
486 1622 650 1700 aliquamdiu
672 1624 832 1694 obsessum,
856 1622 1012 1680 castellanis
1029 1621 1056 1679 in
1074 1638 1143 1699 pace
1162 1617 1298 1689 dimissis,
1321 1631 1396 1678 terre

222 1716 331 1789 tandem
356 1733 531 1799 coaequatur.
576 1720 745 1801 Imperatore
766 1725 830 1782 item
854 1735 885 1781 ut
906 1743 977 1781 anuo
997 1722 1097 1800 priori,
1120 1721 1228 1780 militari
1248 1723 1327 1800 copie
1343 1722 1396 1780 Su-

173 1812 332 1905 lbaniam
347 1821 529 1900 ingrediente,
553 1842 648 1882 omnes
664 1843 734 1900 pene
751 1823 827 1882 ducis
846 1824 968 1882 fautores
986 1822 1135 1881 abeodem
1153 1822 1321 1893 deficientes,
1343 1823 1396 1901 ipsi

219 1923 380 2001 imperaturi
395 1942 427 1981 se
443 1943 547 2002 suaque
564 1923 707 1993 dedentes,
726 1938 820 1985 manus
835 1924 951 1982 afferunt
963 1924 1100 2002 supplices
1114 1923 1303 2002 dominumque
1317 1944 1395 1982 suum

220 2023 301 2081 solita
325 2024 480 2102 frequentia
506 2025 620 2083 militum
646 2024 818 2097 destitutum,
848 2027 948 2098 cumf)
975 2024 1010 2082 ob
1033 2025 1108 2101 regis
1132 2026 1256 2082 timorem
1279 2034 1336 2084 tum
1360 2020 1395 2083 ob

219 2125 301 2182 animi
318 2125 468 2196 levitatem,
492 2125 681 2204 derelinquunt
696 2124 777 2183 velud
795 2126 923 2194 alienum,
946 2132 1025 2203 quem
1041 2143 1093 2204 per
1108 2126 1231 2183 solitaria
1249 2115 1319 2195 loca,
1342 2144 1395 2203 que

219 2225 301 2302 vulgo
319 2224 358 2304 dy
374 2225 465 2304 beyde
487 2224 711 2298 dicuntur,'cum
728 2226 822 2304 paucis
839 2224 1034 2298 decedentem,
1057 2227 1207 2304 imperatur
1225 2246 1285 2285 cunr
1304 2228 1394 2285 suise

168 2332 210 2387 2⁰
220 2326 337 2403 vestigio
354 2328 546 2405 insequuntur,
569 2329 736 2407 fecissetque
752 2329 820 2385 satis
838 2330 925 2399 votis,
947 2328 1063 2387 eundem
1074 2331 1102 2400 7)
1113 2329 1227 2386 *scilicet
1242 2328 1395 2407 apprehen-

218 2424 308 2485 dendo
321 2429 364 2500 8),
389 2429 413 2485 si
429 2428 552 2487 lucorum
574 2429 716 2487 difficultas
734 2450 788 2487 non
807 2426 975 2500 obstitisset,
999 2431 1097 2508 quippe
1114 2428 1177 2488 huie
1196 2431 1257 2488 loca
1277 2441 1343 2488 nota
1366 2438 1394 2490 et

217 2528 377 2606 quamquam
401 2541 535 2607 angusta,
562 2550 612 2589 sue
636 2532 767 2608 paucitati
789 2541 881 2587 tamen
904 2530 980 2588 editu
1001 2532 1108 2602 facilia,
1136 2532 1197 2609 regi
1214 2549 1282 2590 vero
1305 2533 1393 2591 minus

217 2640 284 2687 nota
301 2649 404 2707 sueque
423 2629 599 2701 multitudini,
622 2633 748 2709 quoniam
767 2642 795 2689 et
812 2651 930 2708 aquosa,
953 2634 1062 2689 omnino
1083 2632 1294 2692 inaccessibilia.
1340 2634 1393 2692 Ce-

218 2738 307 2786 terum
324 2730 462 2785 civitatem
484 2730 617 2807 quandam
640 2733 718 2806 ejus,
742 2731 855 2788 Lubeke
876 2732 1054 2809 appellatam,
1076 2743 1206 2809 potenter
1221 2752 1393 2810 oppugnans,

166 2827 322 2889 ebcinibus
345 2827 371 2884 in
393 2828 530 2913 prohibitu
548 2823 753 2911 deficientibus,
777 2830 887 2886 fortuna
904 2830 954 2886 sibi
972 2833 1081 2908 suisque
1104 2828 1185 2888 solito
1203 2831 1342 2889 arridente
1352 2832 1392 2904 ⁹),

217 2931 245 2988 in
266 2927 433 2989 deditionem
456 2930 592 3006 suscepit,
615 2929 723 3007 sicque,
753 2938 783 2986 ut
803 2928 971 3006 imperialem
995 2929 1112 2988 decebat
1134 2927 1310 3008 dignitatem,
1332 2932 1392 3009 glo·

216 3032 291 3088 riose
305 3028 425 3099 rediens,
445 3029 471 3086 in
486 3027 737 3108 Quedeliugeburg‚
755 3049 840 3107 super
856 3031 967 3108 negotia
983 3032 1060 3109 regui
1075 3042 1252 3104 tractaturus,
1271 3031 1390 3109 derepit.

217 3131 344 3191 Hinricus
362 3149 431 3188 vero
450 3129 520 3200 dux,
543 3131 569 3187 in
588 3129 673 3188 arduo
694 3133 859 3209 sepositum
877 3130 1026 3210 durumque
1047 3152 1111 3192 esse
1131 3133 1277 3195 calcitrare
1294 3113 1391 3193 contra

216 3233 352 3291 stimulum
371 3233 429 3308 jam
447 3232 526 3289 nimis
544 3231 625 3291 tarde
644 3231 838 3303 considerans,
861 3234 948 3291 totius·
962 3234 988 3290 in
1006 3254 1120 3314 rognum
1138 3236 1320 3294 infestationis
1343 3256 1391 3295 co·
1418 3266 1420 3273 >

164 3342 307 3399 30natum
327 3332 429 3391 dimisit
451 3343 481 3391 ct
501 3334 653 3412 principes,
676 3334 792 3411 eximios
814 3335 897 3392 flores
910 3335 1007 3414 ,utique
1029 3348 1059 3394 ut
1078 3339 1117 3395 ita
1137 3336 1258 3395 dicamus
1279 3339 1390 3416 antique

214 3435 380 3506 nobilitatis,
402 3433 578 3494 Ludewicum
599 3436 780 3514 lantgravium
806 3436 972 3515 fratremque
995 3457 1088 3509 snum,
1111 3439 1238 3497 comitem
1258 3438 1391 3497 Herman-

213 3557 277 3595 num
291 3546 390 3615 postea
402 3523 566 3614 palatinum,
580 3536 615 3594 eb
631 3538 803 3615 imperatoris
819 3537 960 3609 offensam,
979 3540 1039 3615 jam
1053 3541 1163 3618 integre,
1175 3552 1204 3598 et
1220 3541 1302 3598 semis
1317 3558 1389 3598 anne

214 3640 240 3696 in
258 3637 385 3697 custodia
403 3636 544 3708 detentos,
567 3637 669 3715 absque
689 3638 800 3716 jactura
820 3659 929 3698 suorum
952 3660 1131 3720 suarumque,
1155 3653 1185 3699 ut
1201 3640 1321 3718 Augusti
1343 3662 1389 3700 so·

213 3742 304 3798 rorios
323 3737 469 3810 decebat,¹
476 3739 529 3816 ipsi
546 3750 610 3798 tunc
627 3738 752 3798 Gestaris
771 3742 891 3798 manenti
914 3744 1029 3801 remisit
1074 3742 1142 3800 Post
1163 3742 1217 3799 boc
1238 3743 1389 3818 imperator

164 3849 205 3903 35
215 3841 288 3899 circa
305 3841 405 3905 festum
423 3841 511 3919 sancti
526 3839 637 3898 Martini
653 3841 757 3898 curiam
774 3860 850 3899 suem
866 3842 1008 3902 Erfiordie
1024 3843 1244 3916 celebrarem).
1280 3841 1322 3901 lbi
1338 3861 1387 3901 cu-

215 3960 271 4000 mes
288 3942 473 4013 Hermannus,
497 3941 584 4000 irater
601 3940 742 4000 Ludewici
759 3942 919 4021 lantgravii,
943 3964 1036 4005 comes
1055 3946 1190 4025 palatinus
1207 3945 1328 4005 Saxonis
1346 3945 1388 4004 ef·

217 4168 242 4236 1)
256 4170 354 4224 multos·
812 4174 840 4244 6)
853 4189 914 4229 tum.

120 4323 127 4329 ¹
214 4252 242 4320 2)
257 4255 309 4322 regi
324 4258 429 4321 publice.
811 4260 839 4329 7)
853 4263 945 4314 eundo.

213 4338 241 4406 3)
255 4338 384 4403 justitiam.
811 4345 839 4413 Β)
853 4348 1007 4415 aprehende.

212 4424 241 4490 4)
256 4422 373 4490 captione
388 4424 430 4474 bei
445 4428 562 4479 Menken.
810 4428 838 4497 9)
852 4432 981 4481 arridenti.

212 4508 239 4577 5)
257 4508 297 4561 Cf.
314 4507 373 4558 Chr.
389 4509 442 4559 S.P.
460 4507 554 4577 pm
571 4515 643 4563 Anna.
662 4515 700 4564 **.
812 4513 855 4582 10)
870 4516 941 4566 liade
956 4516 1100 4566 November
1113 4515 1187 4569 1181.
