3422 5094
880 239 923 307 36

320 414 481 487 ridarium
500 414 587 509 apud
600 412 723 485 Album
734 409 860 484 Lacum
874 411 908 501 1)
927 410 1110 501 castellum,
1126 418 1165 483 ut
1176 412 1223 484 ibi
1239 411 1421 508 hospitium
1434 414 1495 488 ba·

321 552 416 621 beret
427 550 515 620 intra
523 546 689 620 terminos
700 534 883 640 Wartberg'
892 552 925 616 et
935 545 1115 641 Nuenbcrg
1130 547 1216 619 circa
1225 546 1390 644 Friborg3
1407 548 1495 641 quod

322 709 395 757 cum
411 706 519 756 comcs
536 681 737 755 Fredericus
756 681 795 752 de
811 680 1028 775 Bicheliugen
1045 682 1287 754 contradiceret
1304 689 1338 755 et
1352 683 1410 755 illa
1425 708 1495 773 non

321 819 529 907 obmitteret,
557 815 795 909 querimoniam
812 813 889 886 lecit
904 815 945 886 ad
959 815 1196 909 ,imperatorem
1215 818 1304 909 qnod
1319 799 1419 891 soror
1433 835 1494 890 sua
1526 876 1531 883 .

320 952 507 1048 lantgravio
527 957 672 1023 castrum
690 930 858 1022 edificaret
878 948 914 1019 in
936 948 1058 1020 finibus
1082 949 1171 1045 juris
1190 950 1306 1045 sui2)‚
1333 975 1368 1023 ae
1385 952 1493 1047 impe·
1523 960 1543 1013 5

321 1094 414 1161 rator
436 1092 616 1160 convocato
640 1084 826 1179 lantgravio
851 1082 1089 1154 edificationem
1112 1083 1214 1156 istius
1232 1086 1333 1156 castri
1353 1085 1417 1157 sibi
1439 1085 1494 1185 5¹¹7

322 1221 469 1294 terdixit.
520 1219 747 1314 Lantgravius
762 1242 855 1306 vero,
879 1204 1001 1288 iratum
1019 1239 1054 1289 sc
1072 1217 1223 1312 fingens,
1248 1188 1341 1290 misit
1356 1220 1492 1292 nuntios

320 1359 362 1430 ad
378 1356 602 1430 venerabilem
619 1376 756 1426 uxorem
775 1375 868 1424 suam
888 1354 951 1443 (et)
973 1354 1111 1423 obtentu
1130 1353 1236 1448 gratie
1248 1354 1493 1454 edificationem

243 1582 247 1593 Ι
322 1492 421 1566 castri
453 1491 581 1585 publice
612 1488 795 1562 interdixit.
855 1486 979 1559 Postea
1006 1510 1087 1559 vero
1122 1490 1250 1559 secreto
1284 1488 1403 1561 nuntio
1430 1489 1493 1577 sjbi

319 1627 537 1715 transmisso,
563 1631 602 1696 ut
619 1624 748 1718 incepta
766 1621 940 1717 perficeret
957 1621 1150 1716 suppliciter
1169 1623 1340 1713 exoravit,
1366 1630 1400 1696 et
1416 1630 1492 1696 tan-
1504 1637 1543 1691 ro
1586 1644 1589 1650 ·

322 1746 399 1833 dem'
422 1783 506 1855 opus
532 1758 680 1855 perfecit.

420 1895 506 1967 Item
524 1892 766 1967 annoDomini
777 1882 943 1993 ,MchX
960 1891 1128 1965 Ernestus
1147 1916 1255 1965 comes
1278 1891 1491 1966 aLudewico

320 2030 437 2105 comite
456 2030 512 2102 diu
527 2031 564 2101 in
580 2027 721 2103 vinculis
738 2034 901 2118 retentus,
921 2028 1087 2123 imperiali
1102 2029 1210 2101 edicto
1228 2027 1433 2122 decapitatur
1444 2029 1492 2118 3).

318 2167 404 2241 Post
419 2165 528 2254 hoc4)
543 2164 737 2258 imperator,
764 2168 964 2258 congregato
983 2162 1134 2234 exercitu
1145 2163 1263 2236 volens
1279 2162 1405 2234 intrare
1422 2162 1492 2235 Po-

317 2300 442 2372 loniam
460 2320 561 2392 super
580 2296 776 2368 Misiconem
791 2297 905 2368 ducem
923 2320 1039 2368 eorum
1056 2336 1115 2367 -.
1128 2297 1164 2392 5)
1208 2314 1261 2387 Qui
1278 2292 1339 2372 eun
1357 2315 1426 2372 fines
1444 2316 1544 2372 err-15

319 2470 377 2509 rum
396 2450 521 2518 intraret,
543 2454 636 2502 more
657 2430 757 2502 solito
782 2430 950 2502 arridente
976 2430 1041 2502 sibi
1064 2429 1211 2522 fortuna,
1233 2445 1371 2526 predictus
1389 2448 1494 2506 seilicet

319 2567 419 2625 Mision
437 2566 544 2624 obviam
567 2564 618 2623 sibi
634 2565 746 2622 veniens
769 2563 880 2622 dextras
902 2565 982 2642 petiit
997 2576 1025 2623 et
1042 2566 1164 2643 accepit,
1187 2565 1314 2623 multatus
1335 2584 1388 2622 non
1405 2584 1493 2642 parva

320 2703 443 2781 pecunia.
488 2683 671 2755 Annitcnte
690 2682 788 2753 ctiam
805 2680 986 2754 Ludewico
1004 2683 1204 2778 lantgravio,
1231 2683 1411 2777 rcbuspro
1429 2702 1493 2757 vo-

318 2820 364 2892 tis
389 2818 553 2915 peractis,
579 2817 762 2891 revertitur
780 2815 858 2917 inde
885 2817 1078 2913 imperator.
1130 2816 1172 2888 In
1190 2815 1412 2911 'l'huringiam
1437 2840 1493 2890 re-

320 2965 476 3048 gressus,
501 2953 538 3023 in
560 2959 705 3023 castrum
727 2951 887 3047 principis
904 2951 1096 3043 Ludewici,
1121 2951 1321 3047 Nuenbcrg,
1347 2975 1383 3024 se
1399 2973 1543 3026 rece-ro

320 3087 388 3181 pit,
404 3085 471 3157 ubi
496 3107 557 3179 per
583 3085 710 3176 aliquot
733 3085 804 3157 dies
828 3087 867 3157 ob
895 3088 1044 3182 ejusdem
1070 3085 1193 3159 sororii
1220 3085 1275 3158 sui
1299 3086 1492 3183 sororisque

321 3207 467 3291 amorem
486 3218 656 3290 remansit.
710 3219 880 3293 Circeiens
899 3222 1101 3294 intrinsecus
1128 3221 1273 3312 edificia,
1300 3221 1492 3292 considera-

321 3357 378 3426 bat
394 3354 542 3449 singula,
569 3377 630 3445 que
651 3354 760 3426 omnia
778 3380 903 3427 summe
922 3357 986 3429 sibi
1008 3357 1223 3453 placuerunt,
1249 3362 1382 3451 excepto
1403 3355 1492 3446 quod

320 3497 389 3563 tam
417 3489 663 3584 inexpugnabili
692 3497 801 3563 castro
830 3515 962 3563 murum
990 3515 1059 3563 non
1086 3490 1232 3564 validum
1263 3514 1324 3562 nec
1349 3489 1493 3563 solidum

322 3628 427 3719 (esse)
445 3626 624 3698 asserebat.
679 3625 776 3719 Quod
791 3626 929 3698 audiens
950 3625 1158 3721 lantgravius
1175 3625 1211 3696 in
1228 3624 1379 3719 proxima
1396 3631 1492 3698 nocte
1503 3640 1544 3693 as

321 3786 452 3835 murum
482 3760 559 3833 huic
584 3768 693 3833 castro
720 3761 966 3851 edificaturum,
1001 3762 1053 3833 cui
1072 3761 1108 3831 in
1133 3759 1274 3832 confinio
1306 3784 1375 3832 non
1406 3764 1495 3831 esset

323 3896 461 3985 similis,
486 3919 522 3966 se
545 3896 711 3990 promisit.
765 3896 862 3990 Quod
881 3897 1049 3970 admirans
1064 3897 1246 3993 imperator
1265 3901 1377 3982 tamen
1397 3870 1495 3963 mane

324 4051 397 4100 eum
420 4036 592 4121 surgeret,
624 4031 755 4103 invenit
785 4055 935 4122 murum,
968 4032 1053 4105 viris
1076 4030 1271 4105 fortissimis
1296 4026 1434 4123 galeatis
1460 4032 1494 4097 et

324 4241 351 4308 1)
364 4239 540 4302 Weissensce,
557 4240 621 4304 jetzt
637 4241 734 4292 Preuls.
752 4242 895 4294 Kreiastadt
920 4243 946 4311 4)
963 4247 1076 4298 Nemlich
1096 4244 1169 4297 11ῖῖΙ

322 4324 561 4392 Regiorungabeairk
576 4324 672 4376 Erfurt.
920 4328 946 4391 5)
961 4332 995 4379 So
1012 4330 1044 4379 iat
1061 4330 1142 4381 dieser
1159 4334 1218 4381 Sata
1241 4329 1276 4379 im
1295 4331 1337 4377 Or.
1359 4325 1494 4377 nnvollen-

321 4405 350 4476 2)
365 4424 416 4461 ⁸¹¹⁰·
645 4432 650 4439 ¹
919 4411 971 4460 det.
997 4415 1022 4465 S.
1038 4412 1149 4480 dagegen
1165 4413 1209 4465 das
1227 4413 1274 4464 cn.
1284 4413 1338 4463 SR.
1353 4427 1410 4463 zum
1420 4409 1493 4468 lehre

322 4491 350 4556 3)
367 4491 406 4542 cf.
418 4491 476 4542 Chr.
494 4493 548 4543 S.P.
566 4509 597 4542 zu
614 4491 759 4543 demeelben
775 4492 858 4542 Jahre.
920 4491 994 4544 1172.
