3422 5094
5 1010 7 1087 l

778 244 823 312 33

213 417 297 479 ventu
312 417 440 478 abbatum
455 437 490 477 ac
505 418 707 496 prepositorum
718 408 936 495 Mogontinen'sis
953 416 1203 495 archiepiscopatus
1216 415 1289 495 apud
1299 417 1386 478 wos

213 521 322 579 matiam
345 519 453 590 habuit,
476 519 566 597 ibique
586 508 724 577 Hiericum
742 517 980 596 Mogontinensom
992 517 1387 598 ¹archiepiscopum'depotuit

213 623 292 700 eique
312 620 464 707 Aru-oldum
481 632 545 678 tunc
562 621 693 696 temporis
715 619 906 701 cancellarium
924 602 1092 695 subrogavit.
1136 619 1204 677 Post
1220 619 1311 693 hoc1)
1330 618 1386 680 Ar·

212 720 310 781 noldus
330 722 552 800 archiepiscopus
578 741 595 778 a
613 708 724 779 civitate
740 719 885 801 Mogontia
906 719 1042 796 effugatur
1063 729 1092 776 et
1111 717 1245 777 recedens
1266 722 1293 777 in
1311 721 1385 779 Thu-

172 828 192 882 5
214 825 330 901 ringiam
347 824 464 882 collecta
480 822 591 880 militari
606 841 687 880 manu
700 841 755 887 non
772 820 888 891 modica,
910 820 988 899 quasi
1005 820 1088 878 armis
1103 820 1240 879 civitatem
1256 824 1384 897 capturus

212 936 293 1003 atque
311 926 422 982 meritas
440 943 525 1000 penas
541 922 775 1005 presumptoribus
792 924 982 998 irrogaturus,
1004 921 1160 987 revertitur.
1204 921 1290 992 Quem
1310 922 1387 999 cives,

212 1024 284 1102 apud
308 1037 431 1083 sanctum
449 1024 595 1096 iacobum,
619 1035 762 1102 antequam
786 1023 846 1099 ejus
870 1033 963 1099 partes
985 1022 1143 1099 frequentes
1164 1023 1264 1079 armati
1286 1040 1386 1079 conve-

212 1125 332 1193 nissent,
356 1130 416 1181 euni
431 1125 526 1202 paucis
548 1134 699 1202 repertum,
721 1101 831 1182 incesso
848 1123 1017 1180 monasterio
1034 1121 1126 1199 gladio
1142 1133 1333 1199 perememnt‚
1353 1141 1386 1180 ae

212 1223 327 1300 pedibus
347 1222 515 1282 deecclesia
532 1236 646 1282 tractum
662 1226 688 1283 in
704 1225 796 1302 platea
812 1223 925 1302 indigno
946 1243 979 1281 ac
998 1223 1147 1280 miserabili
1163 1224 1320 1300 spectaculo
1338 1243 1387 1280 nu·

164 1328 203 1382 to
217 1323 278 1382 dum
296 1324 471 1401 relirpremnt.
518 1324 591 1389 lteut
604 1324 751 1384 Udalricus
768 1322 1009 1383 Halberstadensis
1027 1324 1189 1401 episeopus,
1211 1342 1299 1400 neque
1319 1324 1388 1400 legi·

212 1427 277 1483 time
295 1435 439 1483 accusatus
461 1445 547 1511 neque
570 1428 702 1485 canonice
725 1426 833 1484 auditus
855 1425 899 1483 vel
922 1410 1109 1494 diiudicatuss
1121 1443 1171 1502 pro
1191 1424 1266 1481 libitu
1283 1423 1387 1507 Himici

212 1520 290 1583 ducis
308 1545 324 1583 a
342 1524 473 1584 cardinali
488 1524 624 1606 Gregorio
645 1528 746 1587 absens
765 1527 925 1605 deponitur,
954 1535 982 1583 ct
1002 1523 1075 1583 Gero
1097 1523 1217 1582 decanus
1240 1523 1302 1582 loco
1324 1525 1386 1601 ejus

213 1626 388 1704 subrogatur.
757 1678 759 1681 .
1331 1632 1335 1639 “

299 1727 392 1798 (Anno
408 1725 518 1784 Domini
532 1727 674 1801 MCLlX.)
718 1728 873 1807 Principum
891 1729 1137 1807 episcoporumque
1154 1738 1303 1787 conventus
1319 1726 1386 1786 Vttl
1400 1738 1442 1782 tot.
1455 1738 1500 1782 tlt.
1510 1737 1534 1783 b.

164 1826 331 1888 15Kalend.
352 1826 471 1904 Augusti
497 1848 580 1906 super
601 1831 681 1906 regni
705 1831 822 1907 negotiis
843 1828 981 1889 Erffordie
1003 1829 1174 1899 celebratur,
1204 1828 1248 1886 ubi
1270 1806 1431 1905 Mogun-ss'·
1445 1817 1466 1848 ³⁴
1481 1805 1538 1848 ¹¹⁰⁰·

213 1929 315 1987 tienses
331 1928 454 1986 immanis
464 1928 493 1999 ²)
513 1929 642 1987 iaeinoris
657 1930 707 2000 rei,
730 1931 897 1988 extinctione
912 1931 1048 1998 luminum,
1067 1940 1098 1987 ut
1111 1948 1163 2007 par
1178 1930 1236 1999 luit,
1254 1948 1387 1987 execran-

212 2041 256 2087 tur
278 2041 307 2087 et
326 2029 514 2089 communione
534 2031 684 2108 priventur.
729 2031 781 2102 Qui
803 2042 858 2088 tam
883 2042 997 2108 gravem
1020 2030 1062 2086 sui
1083 2049 1164 2086 casus
1187 2028 1387 2087 damnationem

211 2128 441 2208 parvipendentes
459 2131 501 2189 vel
523 2133 613 2208 potius
636 2131 854 2201 dissimulantes,
878 2129 1063 2207 {ludolphum
1085 2128 1208 2187 Bertoldi
1226 2128 1302 2187 ducis
1322 2114 1388 2206 ger-

212 2249 334 2300 manum,
358 2230 410 2288 sibi
432 2232 568 2308 presulem
592 2232 750 2311 elegerunt,
774 2252 827 2310 quo
850 2240 947 2288 contra
968 2228 1110 2289 Corradus
1132 2230 1266 2307 palatinus
1283 2248 1317 2286 nc
1333 2228 1389 2287 Lu·

163 2328 327 2389 rudovicus
351 2331 519 2409 lantgravius
544 2332 596 2390 llll
615 2332 712 2392 Nonas
731 2333 835 2411 Aprilis
861 2331 933 2410 apud
956 2330 1124 2400 Francront,
1153 2330 1388 2409 suffraganeorum

213 2432 414 2510 episcoporum¹
427 2451 468 2505 ao
481 2433 676 2506 Trevereusis‚
706 2435 790 2514 legati
812 2433 958 2511 apostolici
980 2453 1034 2490 non
1055 2432 1212 2510 praesentia
1233 2416 1325 2509 ymmo
1347 2430 1388 2489 le·

212 2533 323 2609 gatione
344 2533 423 2603 freti,
448 2532 630 2592 Christianum
648 2533 907 2614 Merseburgensem
925 2535 1127 2613 praepositum,
1150 2533 1245 2611 paucis
1268 2528 1387 2601 arbitris,

213 2634 370 2710 episcopum
387 2634 593 2701 constituerunt.
628 2635 698 2693 Hinc
712 2638 827 2713 partium
846 2634 943 2693 seditio
959 2636 1091 2704 exoritur,
1113 2654 1204 2692 rerum
1221 2633 1306 2690 iacies
1323 2652 1389 2691 cou-

214 2742 257 2789 tra
281 2732 381 2787 bonum
406 2744 435 2789 et
459 2752 573 2809 aequum
595 2737 731 2805 variatur,
760 2733 822 2791 dum
846 2736 976 2792 laicorum
999 2754 1050 2810 pro
1068 2734 1183 2791 arbitrio
1200 2733 1390 2790 ecclesiastica

163 2843 203 2896 25
215 2830 403 2909 disponuntur,
426 2828 566 2908 potentum
580 2832 748 2909 quorundam
762 2834 893 2891 violentia
910 2834 1077 2909 episcopium
1096 2835 1259 2901 incursatur,
1281 2832 1388 2888 evisce-

213 2960 290 3006 retur
300 2949 338 3020 ³),
356 2945 526 3006 devastatur.
560 2948 659 3007 Comes
672 2948 738 3007 Sizo
752 2949 786 3008 de
795 2950 943 3026 Thuringia
957 2932 1012 3006 Vel
1027 2933 1066 3002 de
1077 2931 1299 3026 Kevernlterg
1311 2946 1387 3007 obiit.

300 3045 393 3118 (Anno
409 3047 518 3105 Domini
534 3049 664 3120 MCLXl)
686 3050 769 3128 Apud
787 3048 909 3108 Laudem
927 3051 1064 3107 civitatem
1080 3049 1143 3108 ΧΗ.
1161 3046 1301 3108 Kalendas
1315 3048 1388 3106 Juuii
1401 3060 1432 3105 ib.
1443 3071 1466 3104 ι.
1475 3059 1534 3106 lttt.

213 3149 312 3206 Victor
328 3168 399 3226 papa
416 3148 508 3206 habita
518 3149 547 3221 4)
566 3150 691 3229 synodo,
714 3163 843 3229 presente
861 3151 1027 3229 imperatore
1044 3148 1194 3222 Friderico‚
1218 3149 1388 3229 {ludolphum

212 3248 450 3326 Mogontinensem
471 3251 588 3308 electum
613 3263 642 3310 et
659 3251 842 3311 Christianum
867 3254 1081 3332 superductum,
1105 3264 1234 3331 utrosque
1255 3252 1388 3310 ecclesia·
1443 3234 1456 3257 ’

162 3343 282 3408 5⁰srica
301 3369 418 3408 censura
441 3350 568 3429 deposuit
589 3372 622 3411 ac
641 3353 812 3424 Conradum,
836 3353 942 3412 Ottonis
959 3353 1123 3412 Noricorum
1146 3354 1259 3432 palatini
1281 3353 1387 3411 comitis

211 3444 379 3529 germanum,
396 3453 505 3529 prolate
526 3451 585 3511 sedi
600 3456 784 3513 intronizavit.
829 3455 864 3513 Et
882 3455 989 3514 demum
1004 3467 1148 3534 postquem
1164 3456 1184 3513 F
1186 3454 1318 3513 ridericus
1335 3473 1387 3511 rex
1399 3464 1433 3508 nn
1448 3465 1525 3511 slus.

212 3553 379 3631 expugnavit
402 3554 539 3611 civitatem
559 3553 794 3613 Mediolanensem
819 3576 899 3614 manu
922 3557 1100 3634 gravissimu,
1130 3575 1163 3613 ac
1188 3557 1212 3614 si
1235 3557 1385 3633 lanigerum
1399 3532 1430 3575 ὣ·
1441 3533 1529 3576 '‘m''

211 3672 295 3731 pecus
314 3653 471 3724 dilaniatur,
495 3665 569 3731 terre
591 3655 709 3715 funditus
727 3669 885 3734 coequatur.
930 3657 1093 3714 Futurorum
1112 3657 1184 3714 enim
1199 3667 1313 3714 eventus
1335 3673 1386 3733 per

213 3744 292 3833 omen
309 3743 338 3813 et
356 3775 455 3814 nomen
479 3757 563 3835 ipsius
582 3758 713 3828 ciuitatis,
736 3769 767 3815 ut
789 3758 815 3814 iu
839 3736 960 3815 historiis
983 3757 1113 3834 legimus,
1135 3756 1188 3814 hiis
1204 3757 1268 3813 olim
1286 3773 1385 3832 preno-

162 3846 284 3914 55tatus
308 3856 399 3916 luerat
420 3857 559 3916 versibus:

416 3957 470 4016 Sus
493 3959 544 4016 luit
566 3958 707 4028 inventus,
730 3978 783 4036 quo
805 3959 904 4032 fixit5)
928 3969 1021 4016 eastra
1038 3958 1179 4034 juventus,

415 4058 445 4143 lp
469 4058 559 4117 medio
581 4071 661 4138 tergo
684 4059 772 4117 lanam
794 4061 870 4129 tulit,
893 4058 994 4117 eccidit
1014 4079 1092 4139 ergo,

415 4158 523 4219 Nomen
545 4173 575 4219 ut
596 4172 723 4240 aptarent
743 4160 982 4241 Mediolanumque
1004 4172 1143 4221 vocarent.

256 4286 291 4333 Im
308 4286 382 4335 lehre
399 4285 471 4340 1160.
810 4293 884 4360 fol-So
904 4293 949 4343 hot
965 4310 1041 4344 unser
1056 4296 1098 4344 Or.
1119 4292 1211 4360 riehtig
1233 4291 1285 4342 und
1307 4290 1382 4340 dem-

253 4367 280 4417 in
296 4367 382 4432 majus.
689 4410 692 4417 -
809 4376 906 4443 gemdls
923 4377 956 4426 ist
970 4376 1014 4427 das
1031 4377 1080 4427 fuit
1097 4377 1160 4428 oder
1173 4375 1257 4444 posuit
1273 4375 1317 4425 des
1336 4375 1380 4425 ch.

255 4452 413 4502 eiusserolur·
810 4461 863 4510 S.P.
880 4478 906 4526 p.
917 4458 965 4511 221
984 4463 1012 4510 Α.
1031 4478 1053 4511 a.
1072 4459 1137 4513 1162
1154 4478 1184 4509 zo
1200 4459 1352 4510 verbessern.

1158 4619 1177 4671 5
