3422 5094
806 271 824 336 7

223 465 299 515 rum
323 443 469 547 secunda
488 441 574 532 Ula,
601 441 809 516 Theoderico
837 441 949 515 comiti
975 443 1016 514 de
1029 440 1241 517 Linderhcke
1265 425 1400 538 mrptia
1472 520 1475 529 ,

222 577 309 651 lihus
342 577 450 651 thoris
484 579 626 669 sociata,
659 580 698 651 ah
732 600 772 650 eo
805 577 958 651 comitem
989 576 1211 673 lieringenrm
1244 580 1400 674 suscepit,

128 784 135 799 ,
223 713 282 806 qroi
315 714 356 785 ad
389 714 641 787 occcidentalem
673 694 807 789 ecclesie
831 713 1079 803 Reynersboru
1107 713 1148 787 in
1169 714 1398 789 dextracln'u·

225 848 293 953 stri
315 848 449 943 porticu
474 873 547 921 cum
574 849 695 922 ceteris
720 849 792 923 suis
817 847 1017 944 propinquis
1044 847 1235 943 sepulturas
1259 850 1394 944 accepit,

70 1024 75 1033 ·
183 988 205 1043 ⁵
226 983 338 1078 Hujus
358 984 536 1079 Berihgcri
561 984 642 1074 filii,
678 983 881 1057 Ludewicus
907 984 948 1055 cle
964 982 1054 1057 Lare
1067 984 1121 1075 1),
1152 981 1333 1058 Didcricus
1359 988 1398 1058 dc

225 1116 385 1208 Bertn2)
412 1119 568 1210 comites,
602 1119 748 1192 nobilem
774 1120 898 1193 duxere
923 1117 1114 1214 prosapiam
1140 1125 1174 1191 et
1200 1141 1289 1211 eam,
1315 1145 1398 1213 quac

221 1253 404 1326 modernos
419 1279 488 1327 non
509 1254 609 1347 latet,
646 1255 823 1329 ediderunt
835 1249 1080 1350 posteritatem
1122 1253 1279 1329 cocorum
1293 1256 1397 1330 Adcl-

224 1388 344 1478 heydis
357 1392 412 1480 3),
436 1414 516 1485 sepe
532 1390 611 1462 dicti
623 1390 798 1465 Ludcwici
813 1390 942 1463 comilis
956 1390 1045 1480 liha5
1072 1390 1121 1480 ei,
1147 1390 1205 1482 qui
1219 1397 1299 1464 hmc
1313 1397 1399 1465 tem·

225 1522 318 1618 poris
333 1522 369 1594 in
384 1524 542 1619 Wippern
551 1528 589 1616 4)
607 1526 789 1601 dominium
801 1526 981 1616 habuerat,
1005 1533 1096 1599 sorte
1110 1525 1211 1621 legali
1224 1527 1400 1621 conjuncta

174 1659 212 1713 ¹⁰
224 1658 328 1730 lilium
343 1657 560 1732 Ludewicum
577 1661 715 1733 nominc.
737 1661 861 1752 edidit,
894 1661 951 1754 qui
968 1661 1182 1739 Mcehtilrlam
1202 1661 1256 1756 pio
1271 1657 1399 1734 meme
1426 1738 1430 1745 ,

223 1794 273 1871 rie
295 1793 360 1865 sihi
377 1806 515 1867 uxorem
533 1795 696 1890 accipiens
717 1796 892 1890 generavit
913 1796 1020 1869 lilium
1040 1796 1095 1869 aui
1107 1796 1274 1887 nominis,
1305 1795 1398 1871 lutar-

221 1952 298 2001 rum
322 1935 440 2023 postca
466 1918 766 2029 monasteriensem
788 1931 998 2027 episcopum
1029 1938 1170 2027 proptor
1196 1923 1398 2007 comeciam

221 2063 402 2137 (lunonem
413 2064 552 2155 laicum‚·
579 2067 620 2137 ad
637 2089 736 2158 quem
749 2072 820 2140 tota
836 2066 1008 2181 hereditas
1027 2067 1183 2141 devoluta
1200 2073 1262 2140 est.

306 2198 389 2258 Anno
407 2199 517 2257 Domini
542 2199 697 2261 mittin.
722 2200 826 2280 Gyscln
848 2201 1009 2279 imperatrix
1035 2200 1103 2259 ohiit
1124 2211 1154 2260 et
1170 2199 1336 2272 Kouralios,
1366 2213 1395 2261 ot
1416 2224 1535 2268 urreis.

174 2300 248 2358 etin
266 2301 356 2380 Spyra
379 2301 478 2379 sepulti
504 2282 616 2375 sonci).
660 2303 697 2360 Εἰ
717 2301 789 2381 idem
807 2303 934 2361 lliuricus
952 2304 1053 2362 tercius
1076 2321 1145 2375 rex,
1175 2321 1246 2380 pace
1261 2302 1393 2361 hactenus
1441 2292 1506 2337 ⁰¹¹¹*

151 2402 154 2409 '
220 2401 342 2460 inaudita
366 2402 392 2459 in
417 2402 540 2460 omnihus
562 2404 641 2481 regni
662 2405 705 2462 sui
722 2402 871 2482 provinciis
890 2405 969 2482 regio
992 2423 1109 2463 censura
1126 2423 1177 2483 per
1193 2402 1312 2461 edictum
1332 2424 1397 2461 con·

220 2504 345 2576 firmata,
368 2502 522 2582 Agonen,
553 2504 737 2583 Pigtaviensis
756 2506 886 2584 principis
902 2506 1000 2578 liliam,
1030 2498 1154 2583 reginam
1169 2503 1317 2583 Mognncic
1332 2507 1397 2583 ungi

221 2607 342 2677 iaciens,
364 2605 504 2682 regalibus
521 2605 574 2673 sihi
590 2607 696 2684 nupciis
714 2607 740 2664 in
758 2607 937 2686 ingelnheym
952 2608 1108 2685 copulavit,
1139 2607 1184 2666 uhi
1199 2605 1397 2683 multitudinem

221 2706 383 2763 histrionum
397 2706 456 2779 siue
469 2705 542 2783 cyho
563 2717 592 2764 et
605 2718 672 2784 potu
687 2718 716 2765 et
733 2708 889 2766 muneribus
907 2707 983 2766 abiro
998 2708 1131 2787 permisit.
1177 2708 1290 2766 Scilicet
1305 2709 1396 2781 omnia

169 2816 274 2884 20que
291 2808 331 2863 eis
352 2804 441 2861 danda
458 2805 565 2862 fueraut
584 2788 749 2883 pauperihus
771 2819 835 2864 sunt
850 2786 975 2884 erogata.
1019 2794 1055 2864 Et
1071 2827 1142 2864 anno
1160 2809 1252 2885 quinto
1266 2805 1396 2865 lliuricus

154 2924 160 2939 *
223 2927 275 2966 rer
291 2905 457 2964 Pannoniam
473 2905 615 2981 ingressus
629 2905 740 2963 Petrum
755 2925 851 2984 regem
859 2904 1042 2983 Unguentum,
1065 2925 1144 2984 quem
1161 2916 1243 2964 antea
1258 2905 1293 2964 do
1309 2898 1396 2984 regno

221 3006 443 3077 detruserant,'
435 3026 462 3063 m
482 3025 596 3083 regnum
609 3007 741 3067 restituit
787 3005 968 3066 Godofriduno
984 3004 1090 3066 ducem
1100 3007 1163 3066 sihi
1168 3007 1347 3067 rebellantem
1361 3007 1396 3068 ad

220 3108 393 3167 dedicionem
417 3109 510 3185 coegit
525 3118 554 3164 et
570 3110 596 3164 iu
612 3117 706 3166 castro
719 3105 945 3187 Gchichensteyn
966 3107 1091 3197 custodie
1107 3109 1281 3188 mancipavit
1327 3109 1395 3169 ltem

222 3222 285 3322 post
306 3210 358 3268 hoc
376 3208 474 3269 Petrus
497 3227 551 3268 rex
568 3207 741 3287 Ungarorum
757 3220 854 3288 captus
869 3221 899 3269 et
919 3220 1068 3268 excecatus
1086 3221 1138 3269 est.
1184 3210 1244 3269 lloc
1270 3192 1392 3289 tempore
1439 3222 1508 3265 θην

171 3310 248 3385 251'11
265 3310 374 3390 Apulea
389 3321 451 3369 erat
469 3308 585 3388 quedam
611 3320 702 3369 statua
715 3330 871 3370 marmorea
891 3311 966 3369 circo
984 3290 1073 3390 capud
1088 3330 1165 3370 snum
1181 3328 1275 3371 ereum
1291 3311 1398 3371 hahens

162 3468 167 3475 ,
221 3415 364 3489 circulum,
385 3414 414 3471 in
429 3432 482 3491 quo
497 3423 558 3471 erat
572 3412 722 3490 seriptum:
752 3412 817 3473 Kal.
833 3412 903 3490 Maji
917 3413 1024 3473 oriente
1042 3413 1102 3473 sole
1114 3412 1232 3472 hahoho
1239 3411 1391 3496 capudbau·
1415 3424 1433 3468 t.
1445 3424 1493 3467 m.
1507 3437 1528 3468 ι.

220 3535 306 3575 reum.
352 3515 421 3572 Post
435 3512 543 3592 quidum
560 3530 740 3586 camesenus,
762 3535 779 3572 a
797 3514 919 3573 lioherto
935 3512 1088 3573 Guiscardo
1105 3526 1218 3594 captus,
1249 3513 1314 3592 quid
1332 3534 1396 3592 pro·

221 3615 340 3675 tenderit
355 3611 526 3692 intelligens,
555 3617 582 3673 in
600 3614 662 3674 Kal.
683 3615 751 3693 Maji
768 3617 874 3675 oriente
891 3626 986 3673 notato
1001 3615 1119 3674 termino
1135 3615 1230 3674 umhre
1247 3615 1316 3673 illius
1333 3635 1396 3692 rep·

173 3732 177 3738 “
220 3719 291 3798 perit
312 3717 444 3775 inlinitum
468 3717 640 3788 thesaurum,
663 3737 742 3796 quem
765 3715 842 3775 dedit
862 3736 913 3794 pro
935 3736 985 3774 sua
1006 3715 1209 3794 redempcione.

168 3835 211 3889 so
321 3818 423 3893 Anno
437 3817 576 3892 Domini
589 3814 635 3892 Μ.
650 3814 693 3892 L.
707 3818 750 3892 V.
774 3818 828 3894 uel
844 3817 926 3889 citra
937 3817 973 3912 6)
986 3813 1188 3890 Ludcwieus
1206 3838 1280 3888 cum
1294 3817 1395 3900 harha

125 4052 128 4058 ’
223 4035 247 4103 1)
265 4039 330 4087 Lara
345 4037 385 4088 bei
404 4036 601 4099 Bleichrmrmln,
627 4035 693 4086 auch
709 4034 794 4091 Lohre
813 4050 916 4100 ,geuene
932 4031 1104 4100 nogareda
1118 4033 1188 4083 hu.
1205 4034 1320 4089 resilient
1335 4036 1395 4089 aber

190 4172 194 4179 ,
221 4122 391 4185 geschriebeu.
427 4118 746 4172 DasGeschlechtendste
761 4118 796 4169 im
821 4118 909 4186 geniis
926 4118 975 4169 den
994 4120 1101 4184 Vorzug.
1189 4172 1192 4178 Δ

223 4204 337 4269 Anfange
354 4205 399 4254 des
414 4203 454 4256 13.
470 4204 659 4256 Jahrhunderta.
821 4203 848 4270 4)
868 4192 976 4271 Wippra
991 4203 1033 4253 bei
1050 4202 1175 4254 stolatam.
1273 4260 1276 4265 ,

222 4283 250 4349 2)
269 4285 425 4337 nordh‘ctlich
441 4304 490 4338 ron
507 4288 719 4341 Sonderslrauoeo.
821 4288 848 4354 5)
867 4287 975 4339 Koured
998 4287 1031 4338 ist
1051 4286 1216 4338 bekanntlich
1229 4289 1309 4340 echon
1328 4286 1395 4341 1009

223 4368 251 4436 3)
271 4368 384 4431 Ardere,
408 4371 454 4420 wie
475 4371 517 4423 die
536 4373 568 4421 ll.
581 4373 613 4424 V.
626 4374 657 4424 L.
677 4373 719 4424 bei
743 4373 798 4422 ttk-
821 4373 965 4439 gestorben

224 4452 305 4516 kard,
323 4451 453 4518 erzilhlen,
470 4455 506 4503 oie
521 4455 557 4505 oei
574 4456 731 4508 uurermilrlt
748 4473 797 4523 ge-
822 4453 850 4522 6)
869 4456 974 4522 Ludwig
1007 4453 1054 4506 mit
1084 4455 1144 4506 dem
1166 4456 1243 4504 Barte
1265 4426 1368 4505 starb
1361 4470 1395 4502 un

224 4537 340 4589 hliebcn·
358 4535 402 4601 „in
418 4535 560 4605 virginitate
575 4540 734 4604 permansit‘t
751 4539 799 4592 Die
824 4536 996 4602 tuirstatt,
1011 4538 1054 4591 dio
1067 4535 1395 4605 gleichiolgondnhuflebe
