3422 5094
879 230 924 298 40

320 408 418 468 buitur.
463 405 604 465 Saxonum
618 414 648 464 et
660 402 829 462 anarurunr
845 400 901 461 dux
913 403 972 479 jam
989 401 1112 462 crebrius
1129 404 1302 474 nominatus,
1323 401 1359 462 ad
1374 406 1492 483 impera·

320 509 390 579 toris
408 508 511 566 curiam
530 525 597 584 sepe
614 524 728 564 numero
743 515 874 589 vocatus,
896 505 990 563 venire
1009 505 1141 563 hacteuus
1159 498 1431 565 animose'retutavit
1447 508 1493 566 vet

320 608 455 689 despexit.
499 605 580 665 Nunc
603 604 709 664 denium
726 616 755 664 et
770 625 834 664 seru
854 606 932 664 nimis
953 607 1113 683 resipicicns
1130 615 1308 683 extremaque
1322 608 1492 667 necessitate

320 721 448 780 coactus,
470 706 645 786 imperatorie
662 707 801 784 majestati
815 726 846 766 se
863 707 1000 766 humiliter
1011 700 1190 785 presentavit.
1236 705 1302 777 Ubi,
1326 718 1356 765 nt
1370 709 1493 786 episcopi

319 811 460 888 ceterique
474 809 612 887 principes
629 827 700 866 anno
717 809 849 886 preterito
865 809 927 885 tege
943 808 1048 866 forensi
1065 807 1136 886 apud
1153 807 1320 885 Herbipotim
1333 811 1359 880 ι)
1376 810 1403 866 in
1419 829 1494 867 corn·
1524 819 1545 873 5

319 931 399 970 mune
423 908 604 980 censuerant,
632 906 688 967 dux
708 908 780 975 idern
802 910 859 967 suis
880 909 1004 967 omuibus
1023 909 1107 969 vciict
1129 908 1215 967 nottct
1232 928 1262 966 se
1280 908 1430 979 abdicavit,
1453 910 1494 967 ni·

319 1013 426 1091 obitque
446 1012 575 1090 princeps·
592 1011 789 1069 famosissimus
812 1011 938 1087 interque
955 1011 1034 1088 regui
1051 1012 1180 1088 primates
1197 1008 1231 1067 ad
1249 1008 1276 1067 id
1293 1012 1424 1087 temporis
1439 998 1494 1087 po·
1520 1004 1524 1013 ’

320 1115 490 1173 tentissimus
511 1110 546 1171 de
566 1111 720 1189 ingentibus
744 1110 859 1182 diuitiis,
889 1110 994 1169 duobus
1017 1110 1146 1170 videlicet
1166 1110 1323 1180 ducatibus,
1352 1112 1405 1168 nisi
1427 1110 1494 1170 duas

320 1226 423 1275 tanturn
438 1214 580 1282 civitates,
603 1231 716 1290 quarum
735 1232 787 1270 uua
804 1211 962 1289 Brunswig,
986 1212 1075 1270 attera
1089 1211 1253 1289 Luueborg,
1276 1223 1305 1270 et
1321 1212 1372 1270 bas
1388 1211 1495 1291 quidem

321 1318 367 1375 vix
390 1328 419 1376 et
441 1334 526 1394 egre,
549 1312 600 1372 sed
616 1312 735 1390 Augusti
757 1313 901 1372 dementia
922 1311 1106 1383 concedente,
1129 1314 1243 1391 recepit.
1506 1326 1546 1381 10

423 1433 523 1505 Anno
544 1431 683 1504 Domini
698 1428 949 1503 MGLXXXIII
969 1430 1180 1503 Christianus
1197 1430 1415 1525 Mogontinus
1439 1454 1495 1503 ar-

320 1569 576 1664 chiepiscopus„
589 1568 690 1662 jussu
706 1566 918 1661 imperatoris
938 1566 1010 1661 jann
1026 1550 1092 1660 'per
1114 1590 1220 1637 annos
1243 1565 1279 1637 in
1298 1566 1397 1638 Italia
1424 1591 1496 1638 cum

323 1705 469 1778 exercitu
487 1722 615 1774 moram
632 1701 776 1791 iaciens,
802 1700 933 1772 audatia
948 1700 1062 1773 inclita
1083 1702 1230 1801 patrarit
1247 1707 1362 1773 contra
1382 1701 1496 1773 hostes

322 1838 419 1933 regni
433 1838 582 1934 preclara
597 1836 754 1912 facinora.
791 1835 874 1908 Nam
887 1835 1117 1925 maritimas2)
1135 1836 1286 1908 civitates
1303 1836 1447 1907 munitas
1460 1838 1495 1924 ³)

320 1973 446 2077 passim
470 1972 629 2064 obtinuit,
657 1971 813 2044 Tusciam
838 1970 995 2053 rebellem
1022 1971 1211 2066 occupavit,
1237 1970 1399 2063 solitaque
1426 1969 1489 2042 sibi
1503 1991 1542 2045 15

322 2108 490 2183 arridente
520 2107 656 2181 fortuna
682 2107 790 2181 victor
817 2106 853 2178 in
880 2106 1032 2178 omnibus
1062 2102 1203 2178 extitit'
1235 2106 1311 2178 Tati
1336 2107 1434 2178 modo
1460 2105 1498 2177 in

323 2246 419 2340 regni
432 2244 577 2338 negotiis
591 2241 759 2314 indefesse
770 2242 956 2332 desudans,
976 2243 1110 2313 tandem
1124 2242 1294 2335 insperata
1311 2241 1497 2337 egritudine

269 2452 274 2465 ,
324 2379 504 2474 corripitur
522 2354 611 2449 etde
624 2402 696 2467 non
712 2379 793 2472 bene
809 2350 1022 2472 perpetiatis,
1045 2356 1126 2450 licet
1139 2401 1229 2468 sero,
1254 2377 1370 2448 intime
1387 2384 1498 2448 tamen

325 2519 551 2609 compunctus,
573 2511 707 2585 domino
726 2511 907 2606 apostolico
927 2482 1116 2603 confitetur,
1141 2536 1290 2608 paneque
1308 2513 1421 2585 celesti
1436 2534 1497 2605 per

325 2616 401 2755 eum
416 2654 548 2743 accepto
567 2647 655 2745 riam
670 2648 827 2721 universe
846 2647 955 2719 carnis
975 2622 1192 2742 ingrediturs
1228 2649 1300 2742 Quo
1319 2646 1433 2719 taliter
1457 2647 1549 2719 deuo

325 2784 385 2859 bac
411 2784 481 2859 vita
504 2785 691 2874 subtracto,
727 2781 901 2856 Gouradus
930 2771 1185 2879 salzburgensis
1221 2784 1499 2879 archiepiscopus,

324 2928 393 2994 tam
419 2921 631 3016 imperatoris
658 2944 755 3013 quarn
779 2919 883 2997 totius
901 2919 989 3005 cleri
1015 2943 1052 2991 au
1075 2919 1196 2992 civium
1216 2900 1500 3014 Moguirtiensium

326 3055 454 3145 farore,
479 3054 551 3125 sedi
568 3076 640 3144 sue,
666 3055 707 3124 de
725 3038 794 3145 qua
803 3055 875 3149 jam
892 3077 953 3150 per
969 3054 1036 3126 XX
1054 3077 1138 3149 pene
1155 3078 1261 3126 annos
1279 3055 1426 3151 dejectus
1443 3078 1512 3153 err-¹
1547 3135 1549 3143 ,

323 3189 494 3278 ulaverat,
518 3180 751 3261 intronizatur.

402 3323 504 3397 Anno
515 3323 654 3396 Domini
664 3322 935 3405 MGLXXXIIII
949 3324 1164 3418 Ludewicus,
1182 3325 1389 3422 lantgravius
1404 3324 1499 3396 'l'hu-
1509 3344 1551 3396 aa

328 3459 448 3555 ringis,
475 3481 552 3553 egre
567 3457 680 3531 ferens
696 3457 865 3554 (itionem,
878 3460 1116 3555 ,marchionem
1133 3462 1368 3553 Missnensem,
1386 3466 1501 3555 preter
1582 3450 1587 3455 ’

328 3598 454 3669 ceteras
471 3594 614 3692 injurias
634 3568 873 3690 sepenumero
892 3598 931 3669 ab
951 3620 989 3669 eo
1008 3587 1176 3693 acceptas,
1201 3597 1318 3693 predia
1334 3574 1502 3692 peccuniis

326 3711 420 3807 intra=
432 3731 594 3806 terminos
608 3731 780 3827 provincie
798 3755 857 3804 suc
874 3739 1118 3827 comparantem
1135 3738 1223 3805 etse
1240 3733 1340 3804 nimie
1351 3736 1388 3822 4)
1405 3733 1503 3827 igno-

327 3868 473 3941 miniose
490 3874 711 3959 coartantcm,
737 3892 811 3940 curn
831 3864 939 3940 ‘electa
958 3867 1102 3939 rnilitum
1122 3869 1214 3964 copia
1232 3868 1317 3939 fines
1340 3891 1420 3939 suos
1443 3891 1503 3936 au-

330 3996 441 4074 dacter
456 4003 663 4097 ingreditur,
689 4004 957 4099 perturbatisque
977 4003 1066 4095 suis,
1090 4003 1201 4099 ipsum
1219 3986 1376 4077 ottonem
1393 3974 1555 4095 ‘capti-³⁰
1576 4072 1581 4077 .

329 4135 423 4209 ravit
451 4141 485 4208 et
513 4136 549 4208 in
581 4143 689 4209 castro
714 4138 894 4233 Wartberg
923 4140 1071 4212 custodie
1099 4140 1275 4237 mancipat
1327 4134 1505 4231 Principes

332 4334 357 4401 1)
372 4335 490 4386 Gemeint
504 4333 536 4384 ist
551 4334 597 4385 der
609 4335 707 4402 Hoftag
722 4336 904 4403 quiirzburg
928 4335 955 4403 3)
970 4338 1086 4389 munitos.

330 4436 371 4469 am
388 4416 428 4469 15.
436 4419 490 4469 tau.
507 4416 580 4470 1180.
929 4418 955 4487 4)
970 4422 1053 4472 nimiu.

329 4502 357 4570 2)
370 4501 505 4553 maritinae.
