3422 5094
897 211 917 276 Q

323 410 399 460 rum
420 383 542 459 Karoli
566 390 600 456 et
617 381 809 473 ludewici,
843 381 1092 478 consanguinei
1117 379 1241 473 Gysele
1265 382 1500 479 imperatricis,

323 522 449 597 scilicet
475 520 576 615 Hugo
600 525 768 592 comeret
791 490 993 590 Ludewicus
1019 542 1092 590 curu
1118 520 1239 609 barba,
1280 519 1337 612 qni
1361 527 1499 616 propter

323 657 441 732 faciem
459 658 629 741 barbatam
655 661 688 726 ct
709 677 799 727 come
818 654 1059 726 nutrimentum
1079 677 1139 726 seu
1162 656 1203 726 ob
1219 654 1309 726 aliud
1322 656 1500 750 augurium

190 819 233 863 cu.
256 819 301 862 ccc
326 791 535 867 Ludewicus‘
552 813 625 862 cum
641 791 742 861 barba
765 796 817 861 cst
837 796 1058 884 nuncupatus.
1110 789 1212 885 Hugo
1230 797 1422 862 comestam
1440 791 1501 863 ba-

322 926 547 1000 bundantibus
565 924 695 998 diviciis
713 925 888 1019 ampliatus
911 931 1002 1015 crat,
1036 926 1124 1017 quod
1147 925 1232 997 nulli
1250 926 1420 999 hominum
1436 947 1497 997 ne·
1519 943 1540 997 5

325 1087 387 1157 que
412 1062 474 1134 ulli
493 1083 632 1133 seruum
657 1060 785 1133 seruire
809 1061 936 1149 voluit,
969 1061 1035 1132 nisi
1058 1060 1222 1133 Fuldensi
1248 1069 1281 1134 et
1301 1060 1498 1156 Mogontino

248 1258 252 1264 .
323 1197 539 1293 principibus.
593 1193 666 1287 Quo
689 1172 823 1266 mortuo
844 1194 936 1267 iilius
959 1195 1033 1291 ejus
1049 1195 1289 1269 Wiebmcmnus
1313 1202 1418 1269 totam
1438 1194 1499 1267 be-

324 1335 500 1415 reditatem
516 1355 557 1405 ex
578 1330 688 1405 debita
706 1329 917 1404 successione
939 1331 1081 1405 sortitus
1099 1339 1161 1405 est
1188 1340 1193 1350 '
1215 1332 1300 1425 Qud,
1331 1339 1369 1404 nt
1393 1333 1500 1427 ajunt,

324 1468 495 1573 subductis
508 1467 573 1540 sibi
586 1474 705 1539 nature
723 1466 889 1539 benefieiis
904 1472 971 1537 tam
986 1466 1111 1538 sterilis
1121 1468 1246 1562 ingenii
1262 1469 1419 1541 inuentus
1438 1473 1500 1555 est,

323 1613 361 1679 ut
385 1628 446 1699 per
463 1602 662 1677 senteutiam
682 1602 892 1698 judiciariam
909 1601 1019 1673 babitu
1044 1626 1064 1673 a
1086 1604 1163 1674 sede
1179 1603 1376 1698 Moguutina
1394 1605 1545 1679 benc-lb

323 1740 398 1811 ficia
424 1739 487 1811 sibi
513 1739 672 1810 subducta
699 1738 767 1810 sint
793 1744 827 1809 et
851 1737 887 1809 in
913 1738 1054 1809 alterum
1080 1739 1235 1810 tranlatac
1290 1740 1363 1830 Quo
1386 1726 1499 1810 audito

324 1874 411 1946 idem
422 1871 425 1877 ’
437 1873 676 1947 Wichmannus
690 1874 884 1977 ‘assumptis
911 1873 1085 1955 comitibus
1110 1855 1336 1968 illoguneiam'
1354 1873 1499 1963 devenit,

324 2012 394 2102 ubi,
409 2009 551 2083 adfores
567 2009 733 2105 pontificis
753 2011 1162 2105 velocissimocoruupede
1178 2014 1297 2099 locato,
1317 2016 1410 2081 caute
1426 2009 1498 2103 ipse

288 2187 289 2191 ¹
324 2148 438 2237 sons,
473 2146 544 2221 sive
566 2146 723 2219 laborans
739 2147 848 2217 menie
865 2148 1001 2235 morbo,
1036 2146 1108 2218 sive
1125 2142 1214 2237 quod
1228 2143 1265 2215 in
1284 2146 1425 2217 alterum
1440 2146 1499 2216 be-

324 2283 441 2354 neficia
454 2304 523 2353 sua
545 2268 654 2385 delata
678 2286 791 2352 essent
816 2287 850 2350 et
872 2280 950 2351 inde
971 2279 1081 2352 cordis
1097 2280 1213 2351 dolore
1232 2287 1422 2375 permotus,
1438 2280 1551 2352 «adis

326 2415 562 2488 consistorium
579 2417 734 2488 audacter
755 2414 895 2488 intravit
920 2423 955 2487 et
980 2416 1016 2487 in
1039 2415 1186 2510 episcopi
1208 2415 1420 2509 omniumque
1439 2439 1500 2486 au-

326 2551 453 2623 diencia
469 2558 637 2623 auctorem
654 2557 688 2622 ct
704 2550 894 2622 invasorem
911 2566 1049 2623 suorum
1067 2550 1301 2622 beneficiorum
1322 2550 1502 2622 crudeliter

325 2680 517 2780 intercipit
558 2687 638 2760 darn
660 2685 757 2757 iactis
782 2685 827 2756 ibi
853 2686 1068 2776 tumultibus,
1098 2682 1179 2758 'dum
1204 2685 1292 2758 idem
1307 2686 1500 2759 Wiebman-

326 2846 390 2896 nus
405 2829 605 2929 properaret
624 2821 740 2896 exilire
756 2820 924 2910 adfores,
954 2823 1079 2896 abiecto
1096 2822 1241 2917 quodam
1256 2846 1367 2916 panno
1392 2830 1425 2894 et
1439 2846 1501 2917 per

328 2959 492 3055 quendam
512 2958 678 3046 clericum,
700 2956 757 3048 qni
771 2955 858 3027 forte
875 2920 1035 3036 sedilibus
1051 2957 1235 3047 cobcserat,
1261 2957 1332 3052 ipse
1348 2963 1497 3030 retentus
1508 2976 1552 3028 20

328 3099 379 3163 est
413 3099 446 3162 et
467 3090 693 3185 presumentis
717 3088 796 3160 lacti
824 3090 1081 3162 retribucionem
1106 3092 1289 3187 scripum,
1329 3094 1365 3165 in
1381 3094 1501 3165 codem

328 3249 460 3319 quoque
487 3225 689 3297 consistorio
724 3224 843 3297 ultimo
870 3224 990 3298 mortis
1024 3227 1188 3321 supplicio
1221 3252 1325 3323 penas
1347 3194 1501 3318 solvens,

329 3359 565 3433 miserabiliter
581 3360 742 3432 occubuit.
770 3361 877 3455 cujus
893 3361 1001 3433 omnis
1016 3361 1183 3435 hereditas
1199 3369 1233 3434 ct
1247 3363 1404 3435 beneficia
1420 3387 1499 3459 prc-

329 3496 500 3570 nominata
518 3497 559 3569 ad
575 3520 651 3568 eum
667 3496 762 3591 cujus
779 3495 919 3568 babetur
930 3498 966 3569 in
979 3498 1131 3571 manibus
1148 3499 1267 3588 oratio,
1284 3497 1502 3573 Ludewicurn

329 3632 420 3724 dico,
454 3632 672 3728 solempniter
687 3632 843 3706 devoluta
861 3640 951 3705 sunt.
1006 3633 1070 3726 Qui
1093 3636 1195 3707 eciam
1219 3637 1259 3707 ob
1273 3635 1552 3710 interventumco

329 3765 454 3860 (lyscio
471 3768 693 3865 imperatricis
717 3774 750 3838 ct
772 3770 812 3840 ob
830 3768 1044 3863 prudenciam
1061 3795 1172 3862 suam,
1206 3777 1321 3866 utpote
1336 3773 1390 3847 uir
1404 3796 1502 3867 saga-

328 3904 375 3976 cis
389 3903 534 3999 ingenii,
568 3911 601 3976 et
623 3929 685 3999 pro
701 3905 828 3976 sedulis
852 3905 1020 3999 obsequiis
1044 3913 1078 3978 et
1099 3907 1323 4001 sagacissimis
1345 3908 1500 4003 auspiciis
1574 4000 1584 4007 .

333 4037 527 4133 imperatori
541 4038 589 4109 ita
604 4062 701 4111 carus
718 4047 808 4131 erat,
840 4048 897 4132 ut,
918 4041 1131 4136 imperatoris
1147 4042 1316 4113 audiencie
1330 4042 1364 4135 1)
1383 4042 1503 4113 decen-

327 4234 455 4288 schleehte
470 4244 594 4298 mammis,
612 4238 710 4289 seboint
726 4241 775 4290 mir
789 4241 898 4291 unzuei-
924 4241 1061 4291 besoudcrc
1092 4241 1153 4291 aber
1184 4238 1315 4300 llornmel‚
1350 4239 1502 4290 Gcschichte

327 4320 623 4388 lelhuit,eincgenaucre
633 4324 734 4391 dugabc
748 4325 815 4388 aber,
833 4325 899 4375 ohne
924 4343 974 4376 uon
993 4327 1088 4375 Hersen
1107 4327 1137 4394 (l,
1157 4330 1228 4376 dum.
1250 4320 1300 4374 109
1316 4342 1371 4375 zum
1388 4326 1412 4375 2.
1424 4325 1499 4375 bocla.

325 4420 389 4455 neue
411 4405 624 4474 Entdeclrungen,
652 4409 816 4475 unmdglich:
840 4409 897 4475 Vgl.
925 4412 949 4459 S.
970 4409 1019 4461 118
1036 4410 1083 4475 lb).

325 4488 456 4556 ddelung,
482 4488 652 4541 Direktom‘nm
668 4506 724 4541 zum
743 4493 803 4541 Jabr
825 4488 898 4554 loro,
926 4494 949 4557 lt
968 4492 1117 4544 audiencia?
