3422 5094
877 219 920 288 96

310 391 435 461 onibus
450 391 600 457 amhn
615 391 730 455 &creta
744 402 903 455 sumu
917 408 1051 451 entonam
1068 389 1135 451 rtet
1149 392 1303 472 nntium,
1325 391 1399 472 qued
1413 413 1487 459 tem·

311 514 363 576 per
379 495 436 553 erit
457 494 654 566 innovandum,
674 495 848 576 presbiteros
870 504 963 551 cados
987 504 1016 551 et
1039 494 1098 552 sine
1117 493 1248 552 uxoribus
1269 513 1352 567 esse,
1375 497 1485 556 missam

310 607 401 656 autem
419 597 527 655 uxorati
542 597 690 675 presbiteri
705 596 838 655 neminem
856 592 951 653 audire
967 592 1078 653 debere.
1125 593 1163 653 lbi
1182 605 1212 654 et
1226 592 1396 657 Adelbertns
1413 618 1486 656 mar·

310 696 374 756 ebio
397 695 432 756 de
450 696 572 757 Saxonia
596 694 742 776 deponitur
759 707 790 756 et
808 694 950 768 Esuriens,
976 697 1022 775 qtti
1043 707 1075 755 et
1097 696 1157 776 ipse
1175 694 1267 768 Saxo,
1290 717 1342 776 pro
1361 714 1399 760 ce
1419 718 1487 758 con·

308 799 440 859 stituitsr.
1404 865 1407 870 ,
1517 809 1537 861 5

164 913 196 958 tu.
209 925 232 959 ι.
245 913 303 958 ttsa
392 898 476 960 Anno
500 899 610 961 Domini
633 899 798 960 MCXXXll
812 910 936 959 <sancus
962 896 1144 959 Godebardus
1170 900 1317 983 episeopus
1341 900 1486 960 Hildense·

310 986 412 1060 mensis
436 1003 556 1061 ecclesie
577 1022 648 1060 anno
671 999 840 1060 dormitionis
862 1020 912 1060 sue
935 1001 1086 1059 centesimo
1108 1002 1213 1080 primo,
1241 1002 1324 1079 ipsius
1347 1003 1411 1059 anni
1440 1001 1485 1061 die

309 1098 418 1174 ultinro,
440 1113 537 1182 quarto
553 1122 639 1161 nonas
654 1101 723 1180 Maji
736 1105 762 1174 ¹)
778 1102 806 1159 in
826 1098 1012 1161 Hildensbeinr
1027 1113 1132 1161 eterra
1148 1101 1271 1174 leuatur,
1292 1103 1373 1180 eujus
1393 1103 1486 1181 signo-

309 1224 369 1263 rum
389 1203 542 1287 admirabili
558 1202 743 1283 magnit-tine
760 1204 851 1263 omnis
865 1201 1016 1263 &rutenia
1032 1203 1170 1264 tusone
1188 1204 1299 1265 letatur.
1343 1204 1412 1265 Post
1432 1203 1485 1263 boe

310 1324 362 1381 rex
374 1303 524 1365 Lotbarius
542 1324 603 1364 eum
623 1306 718 1382 regina
735 1305 805 1365 Rira
824 1305 937 1363 Romam
952 1305 1047 1385 pergit
1059 1303 1098 1363 ad
1114 1303 1279 1365 unimodum
1299 1324 1412 1384 regnum
1429 1304 1484 1363 lta·
1497 1311 1536 1366 ll)

309 1406 389 1466 licum
407 1426 512 1486 suoque
529 1407 648 1465 dominio
667 1405 889 1486 mancipandum,
911 1403 948 1464 ad
967 1405 1163 1465 restituendum
1182 1425 1281 1486 papam
1299 1406 1485 1467 Innocentium

309 1508 337 1568 in
351 1509 532 1588 apostolicam
553 1506 648 1569 sedem
665 1519 694 1568 et
711 1506 749 1567 ad
768 1505 969 1587 suscipiendam
986 1508 1153 1587 imperialem
1170 1507 1405 1582 benedictionem,
1428 1528 1486 1565 mo·

310 1607 399 1669 dicum
415 1608 522 1690 quidem
538 1629 589 1689 pro
605 1629 697 1668 rerum
713 1610 827 1689 negotio
844 1606 946 1669 ducens
964 1609 1129 1680 exercitum,
1152 1609 1225 1668 mille
1241 1609 1347 1669 scilieet
1363 1620 1393 1667 et
1410 1608 1486 1687 quin·

308 1722 408 1789 gentos
430 1722 534 1771 tantum
551 1722 734 1784 armatorum,
758 1709 809 1770 sed
831 1711 858 1768 iu
877 1708 995 1769 Domino
1017 1729 1069 1790 per
1088 1711 1179 1769 onmia
1199 1711 1336 1781 conlisus,
1364 1709 1436 1793 quod
1457 1721 1486 1769 et

309 1830 401 1872 rerum
423 1812 549 1893 probauit
573 1822 698 1873 eventus.
749 1810 876 1890 Augusta
903 1812 999 1870 ciuitas
1025 1813 1142 1892 arogis
1168 1813 1293 1872 exercitu
1322 1811 1480 1882 destruitur,
1496 1817 1534 1872 15

309 1913 374 1999 igue
393 1924 543 1986 onomaton,
566 1914 673 1993 plurimi
688 1912 723 1974 de
738 1912 842 1973 uiribus
858 1906 1156 1993 eaptivi'abdueuntum
1179 1911 1302 1993 equidem
1318 1909 1400 1991 digna
1416 1912 1483 1970 satis

309 2013 412 2075 utuom
425 2034 479 2096 pro
497 2015 643 2075 commisso
659 2016 764 2078 murltati
783 2013 906 2086 scelere,
929 2015 1028 2094 quippe
1045 2015 1090 2095 qui
1106 2034 1201 2094 regem
1212 2012 1298 2073 adse
1316 2014 1428 2094 pacifice
1444 2013 1485 2070 in·

307 2135 434 2195 mum
454 2116 573 2197 nihilque
593 2116 779 2195 suspicantem
797 2115 868 2186 tale,
891 2115 964 2174 bello
983 2117 1201 2195 presumpserint
1221 2116 1371 2175 lacessere.
1416 2115 1485 2172 llioc

308 2228 416 2278 montes
432 2236 486 2277 rex
501 2219 601 2277 transit
610 2217 656 2289 ²),
679 2235 786 2275 omnem
803 2198 912 2275 ltaliam
934 2236 984 2275 sue
1004 2215 1099 2274 ditioni
1121 2216 1236 2288 subicit,
1258 2216 1325 2275 solis
1342 2216 1486 2276 Veronen-

308 2316 384 2377 sibus
407 2329 437 2377 et
455 2315 707 2377 Mediolanensibus
733 2317 922 2377 renitentibus.
974 2317 1003 2376 lo
1032 2315 1130 2377 eadem
1157 2316 1333 2396 expeditione
1355 2317 1481 2376 llinricus
1494 2322 1535 2375 20

309 2418 430 2477 marollio
448 2416 482 2477 ds
503 2416 606 2476 Studen
624 2417 773 2493 occiditur,
796 2417 847 2497 sed
867 2439 885 2477 a
903 2419 1031 2477 militibus
1047 2421 1104 2478 suis
1122 2418 1313 2496 (Samonium),
1336 2417 1408 2477 unde
1424 2428 1485 2477 erat

309 2517 455 2590 oriundus,
476 2518 651 2598 sepeliendus
674 2530 839 2598 reportatur.

162 2636 194 2680 u.
206 2648 228 2679 a.
241 2637 299 2681 ttae
394 2619 475 2680 Auno
494 2619 603 2679 Domini
619 2621 798 2681 MCXXXlll
820 2641 871 2680 rex
888 2620 1035 2681 Letharius
1054 2621 1169 2681 Romam
1190 2619 1342 2700 ingreditur
1356 2632 1385 2680 et
1404 2621 1484 2679 luno-

309 2722 414 2785 ceutius
432 2723 547 2801 papeia
566 2720 661 2782 sedem
678 2741 755 2783 suam
773 2723 939 2794 restituitur,
961 2743 1013 2782 rex
1030 2742 1151 2804 quoque,
1174 2721 1208 2781 ab
1226 2741 1261 2781 eo
1282 2723 1415 2801 imperiali
1435 2723 1484 2782 be·

308 2822 462 2884 nedictione
483 2822 555 2905 apud
573 2824 703 2884 Sanctum
719 2823 872 2883 lobanuem
889 2804 1095 2903 Euangelistam
1108 2825 1137 2900 ⁸)
1160 2824 1362 2884 lateranensem
1384 2829 1534 2884 conse-25

308 2936 411 2996 cratus,
433 2927 585 3005 imperator
603 2926 728 2985 efficitur.
763 2926 841 2985 Hunc
856 2925 1014 2985 sibilorum
1030 2945 1081 2985 rex
1093 2924 1202 3003 judicat
1217 2925 1395 3005 aptissimum,
1418 2945 1484 3005 quo-

307 3026 420 3098 niem4)
439 3037 469 3084 et
479 3026 534 3084 illic
551 3027 629 3104 regui
642 3036 672 3084 et
685 3026 814 3097 ecclesie,
835 3037 864 3084 nt
877 3027 981 3086 cunetis
996 3027 1170 3086 cernentibus
1185 3027 1279 3107 liquet,
1298 3038 1407 3087 constat
1420 3045 1484 3086 esse

306 3125 451 3203 palatium,
473 3136 503 3185 et
516 3126 544 3201 iu
561 3126 683 3186 historiis
699 3127 821 3204 priorum
838 3137 990 3206 temporum
1010 3129 1105 3208 plures
1122 3127 1188 3188 inibi
1205 3130 1380 3208 reperiuntur
1397 3130 1485 3207 impe-

307 3236 416 3284 ratores
439 3228 602 3287 consecrati.
645 3225 775 3287 Accessit
795 3228 894 3300 etiam,
914 3228 989 3308 quod
1007 3230 1196 3311 Petrus‚‚qni
1216 3228 1269 3287 sibi
1290 3220 1390 3290 nomen
1411 3247 1484 3309 pape

291 3336 337 3385 'et
354 3324 512 3405 dignitatem
527 3340 716 3408 usurpaverat,
739 3329 885 3389 ecclesiam
905 3330 979 3390 beati
995 3331 1071 3391 Petri
1086 3332 1213 3411 apostoli,
1235 3330 1281 3389 ubi
1299 3331 1480 3410 imperatores
1492 3338 1533 3394 30

307 3428 409 3486 uostris
423 3429 591 3508 temporibus
608 3428 734 3490 benedici
751 3444 962 3504 consueverant,
985 3452 1045 3503 cum
1062 3432 1233 3493 multitudine
1246 3442 1425 3503 armatorum,
1447 3449 1483 3490 ne

308 3548 359 3589 rex
374 3528 411 3589 ibi
430 3529 649 3591 benedictionem
669 3532 836 3613 imperialem
859 3535 991 3613 consequi
1006 3545 1119 3614 posset,
1141 3544 1385 3613 preoccupaverat.
1431 3532 1484 3607 Qui

307 3643 399 3692 tamen
422 3632 499 3693 loeus
520 3633 556 3693 ab
577 3634 701 3694 exercitu
717 3637 793 3713 regis
814 3635 895 3693 facile
917 3645 1029 3714 poterat
1051 3636 1219 3717 expugnari3
1247 3655 1299 3695 rex
1323 3655 1390 3695 vero
1412 3654 1483 3716 pyus
1526 3620 1530 3647 ¹

306 3734 360 3795 boe
380 3734 519 3816 probibuit
540 3735 614 3809 lieri,
636 3756 671 3795 ne
694 3735 883 3795 destrueretur
906 3737 1026 3795 ecclesia
1046 3738 1137 3813 sancti
1158 3737 1244 3796 Petri.

406 3852 536 3926 Eodem
554 3861 704 3949 tempore
720 3853 889 3928 Ernestus
905 3853 1005 3928 abbas
1016 3858 1052 3946 6)
1071 3853 1408 3945 Reynarsbornensis
1425 3876 1481 3924 ae·
1491 3858 1543 3930 ss

306 3986 446 4080 quisirit
464 3988 589 4062 mnam
607 3990 643 4062 in
661 3989 821 4063 Erfordir
838 3997 875 4063 et
891 3990 1144 4064 meinamma
1165 3989 1315 4063 onmium
1336 3985 1482 4059 donnini-

310 4251 335 4317 ll
349 4254 417 4320 May.
595 4233 606 4254 ’
906 4254 933 4323 4)
950 4275 1032 4326 quem.

306 4333 333 4401 ‘tt
349 4335 455 4385 transiit.
906 4341 933 4406 ὁ)
947 4342 1158 4395 &muudus
1172 4356 1221 4393 son
1238 4339 1415 4393 beianum
1433 4354 1483 4394 voe

306 4418 333 4488 3)
348 4419 490 4488 baptistam.
908 4424 1097 4481 true-ttss.
1131 4429 1160 4481 s.
1174 4425 1268 4480 Miller
1283 4428 1311 4481 ὃ.
1321 4422 1379 4481 228
