3426 5096
228 412 314 497 um,
325 476 330 483 ,
341 403 451 479 securi
469 366 727 484 sibimetsminus
748 407 842 503 caute
859 400 1105 480 discubuerunt.
1157 401 1269 501 Borro
1285 408 1321 474 et
1341 401 1417 495 hii‚'

227 541 284 634 qui
299 539 437 613 fuerunt
455 538 492 611 in
509 538 624 628 Acon,
651 537 746 630 quasi
762 537 958 629 s'lineorum
973 516 1093 627 timore
1107 539 1337 633 ,consternati,
1362 538 1400 611 in

225 676 393 763 suburbiis
407 677 442 766 1)
470 674 552 748 adeo
579 671 804 762 delicuerunt,
838 672 927 765 quod
951 671 1046 764 quasi
1076 658 1268 765 secantibus
1293 673 1398 749 muris

223 834 284 907 per
305 810 471 884 scalarum
486 806 781 885 ascensum'l'uroi
804 830 840 879 se
867 809 909 880 ad
933 808 1124 902 capiendam
1148 807 1314 881 civitatem
1338 833 1398 905 ap-

173 953 192 1006 5
224 953 348 1021 tarent.
401 944 624 1018 civitatenses
653 965 753 1033 vero,
787 942 901 1015 missis
927 949 1005 1038 post
1033 950 1127 1038 terga
1158 943 1322 1033 nunctiis,
1358 943 1398 1027 de

115 1118 121 1127 ι
226 1080 320 1169 Tyro
342 1086 376 1151 et
394 1079 526 1174 Tripoli
545 1084 579 1149 et
601 1078 676 1154 aliis
693 1046 1092 1172 castrisimplorarerunt
1116 1078 1256 1168 auxilia,
1283 1083 1399 1175 quate-

223 1237 288 1291 nus
304 1213 437 1308 navigio
454 1213 627 1311 venientes
644 1213 816 1323 insperata
836 1213 1008 1289 obsidione
1027 1213 1136 1291 cuncti
1147 1215 1183 1303 2)
1202 1212 1400 1289 Sarraocnis

222 1349 446 1439 imminerent,
473 1349 530 1441 qui
546 1349 592 1421 ita
614 1373 649 1422 se
669 1349 705 1421 in
723 1350 841 1435 castris
855 1348 1059 1438 habuerant,
1084 1355 1123 1420 ut
1140 1348 1342 1422 instantibus
1360 1348 1400 1423 in

223 1482 339 1556 facicm
357 1483 514 1559 hostibus
537 1508 598 1580 per
614 1482 778 1557 obiectum
799 1508 818 1556 a
840 1491 935 1580 tergo
951 1484 1104 1580 pelagum
1125 1485 1245 1581 'luteis
1262 1483 1396 1579 ponitus
1438 1497 1440 1501 ’
1493 1512 1498 1517 ·

174 1616 301 1714 refuga
320 1625 509 1715 negaretur.
547 1619 761 1697 Confluentes
780 1620 891 1712 itaque
911 1620 1084 1693 christiani
1099 1619 1258 1711 inrlhon,
1275 1620 1315 1691 de
1335 1642 1397 1697 na,-

222 1755 544 1855 vibasimmcnsum
571 1753 751 1826 exercitum
782 1755 997 1850 collegerunt.
1054 1754 1258 1855 Apertisque
1288 1753 1397 1850 portis

222 1888 321 1961 Acon
337 1889 544 1961 insultabant
554 1888 688 1979 Turris,
708 1910 831 1981 eosque
850 1890 886 1961 in
902 1889 1088 1967 munitione,
1104 1912 1397 1985 suapreoccupan·

221 2030 310 2114 tes„
327 2045 457 2123 omnem
481 2024 574 2099 illam
592 2023 852 2099 infinitissimam
877 2022 1138 2119 sarracenorum
1169 2025 1313 2119 copiam,
1349 2025 1396 2097 ita

220 2165 258 2232 ut
275 2180 337 2231 neo
354 2182 443 2232 unus
462 2166 552 2232 esset
566 2142 751 2255 superstes,
769 2160 832 2231 deo
851 2157 1152 2260 auxilium'ferente
1171 2165 1396 2254 peremerunt,

174 2309 212 2362 15
225 2300 380 2389 captaque
397 2295 556 2369 universa
570 2295 707 2367 illorum
727 2295 831 2389 preda
854 2317 928 2366 cum
949 2293 1205 2389 triumphalibus
1228 2293 1336 2395 titulis
1363 2301 1396 2369 et

214 2430 376 2503 'altisonis
402 2431 537 2504 laudum
568 2430 736 2526 preconiis
761 2431 803 2502 ad
830 2453 891 2502 sua
915 2429 1046 2503 reversi
1068 2437 1159 2503 sunt.
1219 2430 1398 2503 Sarraecni

222 2589 303 2639 vero
321 2565 561 2674 Jerosolimam
581 2536 826 2665 inhabitbntes,
859 2564 946 2637 faeta
970 2565 1057 2659 sama
1080 2565 1254 2661 perterriti
1278 2566 1318 2638 de
1340 2566 1395 2667 inf

223 2698 659 2798 sperata-Damascenorum
684 2708 810 2790 morte,
845 2700 976 2771 dubiam
1001 2700 1092 2772 intra
1115 2724 1231 2772 muros
1259 2708 1395 2796 agentes
1422 2719 1462 2762 m.
1476 2720 1523 2762 ccc·

221 2832 356 2931 uena„
371 2855 489 2904 casum
501 2831 565 2903 sibi
578 2833 708 2903 intendi
723 2833 864 2923 similem
883 2856 952 2903 non
971 2833 1173 2907 dubitabant.
1228 2834 1333 2924 Quam
1354 2836 1395 2923 ob

171 2974 294 3040 2⁰rem
315 2967 366 3039 illi
390 2964 670 3060 triumphatores,
704 2968 744 3038 de
761 2966 857 3039 Acon
875 2966 988 3038 missis
1007 2965 1044 3038 in
1060 2967 1217 3062 Apuliam
1242 2967 1395 3063 naribus,

221 3126 323 3198 super
341 3102 391 3199 rei
411 3101 586 3177 familiaris
611 3101 744 3197 inopia,
766 3070 1012 3207 imperatricem
1034 3102 1082 3174 ibi
1098 3101 1186 3177 lorte
1210 3103 1395 3179 mansitan-

220 3246 289 3313 tem
306 3261 379 3310 oum
393 3218 543 3313 unanimi
552 3242 631 3310 voto
650 3236 916 3310 sollicitaverunt
933 3236 1116 3330 oblatisque
1130 3239 1279 3334 pecuniis
1293 3240 1394 3340 vendi

220 3373 283 3453 sibi
303 3371 493 3474 necessaria
519 3372 706 3467 petierunt,
732 3372 816 3444 illud
840 3371 1085 3467 imperatricem
1108 3373 1212 3471 latere
1228 3375 1394 3466 nolentes,

220 3509 309 3602 quod
325 3507 621 3609 tantishconitei)
637 3506 867 3587 habundarent
880 3508 1041 3603 pecuniis,
1055 3514 1094 3580 ut
1110 3509 1252 3604 singulis
1267 3510 1394 3583 bebdo-

168 3667 209 3720 25
219 3645 361 3741 metibus
384 3641 521 3735 quilibet
535 3641 572 3713 in
589 3641 685 3717 Acon
710 3642 829 3715 libram
853 3643 983 3737 argenti
1010 3644 1046 3715 in
1071 3667 1145 3717 esca
1172 3652 1393 3744 consumeret,

218 3779 284 3875 ipsi
302 3786 414 3854 tamen
430 3777 576 3871 quinque
591 3799 755 3855 annorum
774 3777 945 3849 obsidione
971 3777 1163 3879 circumdati
1188 3779 1227 3849 in
1250 3778 1392 3879 deditio7

219 3936 295 3986 nem
320 3914 370 3987 ire
399 3918 602 3990 recusarent
666 3910 753 3984 Sane
783 3911 996 4008 imperatrix,
1032 3933 1182 3989 annuens
1209 3913 1393 4008 petentium

183 4076 190 4081 ·
220 4049 391 4140 precibus,
416 4048 519 4128 rendi
535 4045 740 4121 sufficienter
757 4047 947 4120 necessaria
964 4023 1146 4121 constituit.
1200 4048 1319 4135 Sedet
1337 4049 1392 4122 in-

223 4203 322 4275 super
340 4184 379 4254 de
396 4183 625 4280 promptuario
642 4207 703 4257 suo
715 4183 804 4256 duas
821 4206 925 4257 naves
941 4206 1075 4279 capaces
1092 4185 1189 4259 ualde
1210 4184 1343 4260 onerari
1353 4187 1390 4276 4)

224 4412 247 4476 Ι)
263 4411 416 4463 suburbibus.
817 4415 873 4482 dle
891 4416 991 4467 comite.

221 4497 247 4562 2)
264 4505 359 4549 croncta.
818 4497 844 4565 l)
858 4509 969 4551 onerata.
