3426 5096
804 154 968 270 87,

237 399 312 471 pem
328 375 500 471 provincie
519 375 727 467 absolverat,
750 374 980 477 camno
998 377 1128 462 reuisit
1140 379 1271 463 animes
1288 387 1323 459 et
1338 403 1423 489 ram„

236 510 385 606 pontifici
400 510 543 605 cumam
569 508 664 589 fadle
691 510 928 605 inanendam
953 512 1101 606 potavit,
1135 538 1233 607 quam
1256 536 1410 610 presum-

235 646 349 741 ptione
371 647 548 723 temeraria
569 668 778 739 nequaquam
796 646 942 728 admisit
993 647 1131 723 Interea
1143 646 1319 743 Philippus
1341 651 1409 731 eir-

236 783 330 872 citer,
355 786 394 854 nt
411 782 517 877 ajunt,
541 780 645 855 trium
663 780 791 862 milium
803 781 838 872 1)
859 780 996 861 collecta
1014 781 1252 857 immanissima
1267 782 1409 867 militum
1556 796 1559 801 “

206 922 269 988 set
295 922 542 1011 pungnatoruan
569 916 692 1011 copia„
709 915 852 990 divertit
873 915 1123 1011 Argentinum,
1148 916 1224 1006 ubi,
1255 916 1409 993 ordinata

235 1051 407 1125 obsidione
428 1050 666 1146 applicatisque
683 1074 856 1131 murorum
875 1051 1065 1141 tormentis,
1089 1051 1318 1133 civitatensem
1336 1075 1409 1127 cum

234 1184 309 1257 aliis
334 1184 509 1259 comitibus
536 1193 570 1259 et
592 1185 776 1263 amasiis
795 1185 886 1261 intra
910 1210 1025 1259 muros
1045 1186 1183 1260 vallavit
1206 1187 1408 1282 episcopum,

234 1320 292 1412 qui
308 1318 458 1416 Philippi
467 1323 504 1412 2)
524 1321 678 1401 electioni
694 1320 816 1401 acriter
832 1321 1007 1394 obstiterat
1024 1327 1058 1392 et
1075 1345 1150 1405 eum
1165 1330 1335 1414 nunqnam
1351 1322 1407 1399 lu·

159 1462 163 1467 ’
233 1460 347 1527 turum
364 1477 477 1549 regem
490 1455 619 1550 publice
634 1442 861 1538 dccltraverat
871 1458 919 1547 ³).
940 1456 1113 1542 .Preterea
1128 1457 1237 1547 cedes,
1255 1456 1407 1533 incendia

184 1604 223 1665 ab
233 1594 269 1660 et
283 1589 555 1684 depopulationes
571 1590 607 1663 in
624 1590 741 1686 predia
753 1589 902 1686 Philippi
916 1597 1053 1675 eataaans
1069 1598 1275 1682 exercuerat,
1298 1591 1355 1671 vel
1371 1592 1456 1669 siros
1468 1616 1514 1662 aaa.
1524 1620 1545 1663 a.

130 1741 131 1744 ’
232 1723 274 1797 de
294 1723 411 1799 amida
430 1732 464 1796 et
480 1725 629 1820 paternis
647 1725 814 1820 pereuniis
835 1726 1111 1800 sustentationem
1128 1749 1198 1799 non
1222 1726 1406 1817 habuisset,

230 1859 273 1933 ad
289 1858 565 1954 incomparabiles
583 1842 719 1932 effectus
743 1883 818 1933 eum
837 1861 926 1932 idem
944 1860 1121 1956 episcopus
1140 1861 1297 1937 devenire
1314 1885 1405 1939 ccm-

229 1993 383 2087 pulisset.
448 1992 559 2089 Super
585 1993 651 2066 biis
676 1994 789 2087 itaque
814 1994 991 2090 Philippus
1018 1995 1056 2067 in
1086 1995 1196 2069 animo
1220 2003 1405 2090 psammus,

229 2128 434 2209 antemurale
457 2128 602 2215 civitatis
624 2152 697 2203 cum
717 2128 861 2205 foebus
879 2129 1061 2203 auxiliariis
1076 2129 1201 2207 invasit
1218 2137 1252 2203 et
1269 2131 1405 2226 jactatis

84 2248 101 2284 ⁸
181 2262 362 2357 toligaibus
380 2286 450 2354 eos,
477 2265 534 2356 qui
551 2264 588 2337 in
604 2263 772 2339 suburbiis
789 2271 897 2354 erant,
923 2265 1112 2360 occupando
1131 2264 1275 2359 optinuit
1290 2264 1404 2359 eisom

187 2380 192 2385 ⁵
228 2397 653 2493 prosperitatiseventrbus
672 2399 867 2494 vulgaribus
884 2407 918 2471 et
936 2399 1062 2475 timidis
1083 2399 1311 2481 incredibilem
1333 2407 1405 2485 ter-

144 2560 149 2573 =
228 2534 446 2607 reremintra
463 2558 578 2629 muros
592 2534 747 2629 ingessit
801 2533 869 2626 Qui
887 2535 985 2607 enam
1001 2534 1113 2626 leonte
1128 2535 1237 2631 prima
1255 2535 1292 2607 in
1309 2535 1405 2609 dedi-

228 2664 354 2741 tieuem
373 2664 540 2757 abissent,
565 2669 597 2743 si
615 2667 820 2743 inviolabilis
841 2667 988 2763 episcopi
1007 2669 1193 2741 constantia
1211 2693 1282 2745 uon
1299 2670 1402 2749 obsu-

228 2797 338 2871 tisset.
361 2800 363 2803 ’
391 2798 548 2871 Tandem
559 2823 660 2889 vero,
684 2770 973 2893 tractutemporis
988 2808 1022 2872 et
1037 2802 1245 2894 depopulatis
1262 2803 1404 2896 provin-

173 2933 290 3017 stseoiis
309 2957 347 3007 ac
368 2934 570 3029 perpetratis
594 2933 729 3007 cedibus
748 2932 937 3028 defatigati,
963 2935 1148 3029 burgenses
1164 2944 1404 3041 suggesserunt
1514 2970 1519 2979 ¹

229 3069 404 3164 episcopo,
431 3075 469 3140 ut
495 3092 566 3141 cum
589 3067 746 3179 Plailippo
771 3091 809 3141 sc
835 3075 1067 3163 componeret,
1093 3076 1301 3162 asserentes,
1326 3046 1402 3144 eiam

228 3204 355 3298 liquido
376 3204 505 3281 eunctis
529 3205 806 3294 demonstrasse,
824 3205 915 3296 quod
930 3203 1095 3300 ingratam
1115 3204 1253 3279 baberet
1277 3206 1313 3279 in
1337 3206 1403 3281 im·
1548 3276 1552 3291 ,

199 3340 206 3347 ’
226 3320 320 3436 perio
336 3339 485 3443 Philippi
503 3338 781 3429 sublimationem,
807 3339 837 3412 si
850 3339 1057 3415 rmiversitas
1074 3340 1262 3437 principun
1274 3341 1314 3421 ia
1326 3364 1403 3429 evm

225 3499 296 3553 nou
325 3475 576 3561 concordarent.
635 3473 790 3568 Denique
815 3458 932 3551 sciens
964 3475 1135 3571 pontifex,
1167 3483 1302 3571 turpem
1326 3499 1401 3559 erse

176 3622 359 3685 cromnam
373 3616 522 3706 partem,
548 3611 655 3694 usuc
672 3610 833 3698 universo
849 3633 919 3681 non
934 3616 1152 3706 congrueret,
1172 3612 1245 3708 juri
1263 3634 1325 3687 suo
1344 3635 1401 3685 re-

225 3746 415 3836 nunciavit,
440 3746 557 3821 volvas
581 3744 725 3819 civitatis
750 3745 899 3840 aperuit,
923 3767 998 3819 cum
1021 3744 1177 3843 Philippo
1204 3747 1400 3841 composuit,

116 3948 120 3953 .
225 3883 417 3979 arreptione
436 3887 548 3957 mmor
564 3880 747 3975 prenulssa,
772 3885 810 3953 ut
828 3878 983 3975 pacificus
1000 3880 1160 3970 intraret,
1187 3861 1399 3965 civitatenses

226 4016 420 4113 indempnes
453 4017 647 4091 existerent·
668 4022 767 4109 atque
799 4015 1034 4090 emunitatibus
1066 4015 1201 4088 ecclesie
1229 4040 1397 4111 nunquam

229 4295 254 4360 1)
269 4297 317 4349 tria
335 4299 409 4374 ιιιὶῑὶιιἶ
654 4336 659 4344 .
824 4301 857 4350 ist
875 4301 1042 4371 gemeint-
1077 4303 1114 4350 lm
1133 4303 1174 4353 Or.
1191 4302 1258 4351 steht
1279 4299 1396 4369 declare-

227 4379 254 4447 2)
269 4380 406 4449 Philippus.
822 4395 863 4436 rat
881 4395 943 4436 statt
958 4385 1138 4439 declaraverat.

227 4463 253 4531 3)
269 4467 320 4517 Der
341 4465 444 4518 nachor
457 4468 563 4518 Koarad
587 4487 635 4521 von
653 4470 798 4534 Stralsburg
1194 4478 1197 4485 “
