3426 5096
795 257 836 323 53

225 435 390 507 stantibus
410 432 626 506 vehementer
648 430 820 502 imminere
842 428 973 500 soleat
1012 427 1224 521 dumque-ad
1245 428 1399 524 recognis

200 648 206 655 ,
224 571 349 643 donem
367 566 768 656 nautarum'dcvenisset,
790 564 968 659 corporeas
986 564 1135 660 ejusdem
1151 563 1311 659 principis
1325 566 1398 636 ina·

222 705 411 778 nubias'ad
436 701 682 776 suam'navim'
697 723 770 773 esse
797 699 941 790 delatas,
976 698 1149 794 comtibus
1178 699 1251 794 ejus
1278 706 1397 793 picca-

222 840 507 929 citer‘instabant,
534 843 741 927 asserentes,
766 843 805 908 ut
827 837 941 908 eadem
966 832 1396 930 cassin-profundoterre

172 1008 178 1021 ·
193 978 405 1071 smergenda-
420 981 478 1047 aut
492 974 647 1048 vinorum
667 970 768 1045 saluti
789 972 977 1044 omnimoda
991 976 1164 1066 'oportere
1176 967 1327 1065 proponi·
1337 989 1398 1063 pe-

223 1110 337 1182 ricula.
388 1109 598 1205 Lugentibns
613 1131 695 1183 uero
713 1107 837 1181 ossium
855 1107 991 1180 illorum
1010 1105 1214 1196 custodibus,
1239 1106 1397 1199 perpro-

223 1245 359 1318 missam
376 1245 566 1339 peccuniam
580 1244 761 1316 minacibus
777 1250 955 1316 nautarum
970 1241 1144 1315 curricrdis
1158 1239 1326 1313 subtiliter
1342 1262 1399 1313 oc-

224 1404 358 1453 cursum
376 1386 449 1471 est,
470 1379 517 1452 ita
537 1381 625 1473 quod
641 1381 808 1453 decretum
824 1379 951 1451 malicie
970 1378 1106 1450 illorum
1125 1377 1163 1449 iu
1179 1400 1222 1449 eo
1235 1375 1397 1470 temporis

223 1514 362 1589 articulo
382 1522 545 1619 cassatum
570 1523 631 1588 est.
684 1515 951 1605 laudemauro,
973 1511 1221 1586 imminentibus
1238 1509 1396 1607 periculis

174 1656 257 1728 luet
278 1648 455 1725 undisonis
470 1650 691 1746 procellarum
706 1651 922 1741 tumultibus,
947 1648 1224 1745 pristinas‘naute
1242 1647 1395 1740 querelas

222 1782 470 1880 replicaverunt
492 1792 526 1857 et
546 1785 728 1858 minacibus
750 1785 857 1858 dictis,
875 1798 977 1883 snper
998 1784 1237 1880 proicientibus
1263 1783 1395 1857 ossibus

222 1919 414 1993 custodibus
430 1920 681 1996 imminuerunt.
699 1963 702 1969 »
732 1921 887 1996 llli‘vero
903 1921 1052 1993 inclusos
1066 1918 1294 2016 sarchophago
1310 1919 1396 2014 lapi-

222 2057 304 2147 des,
320 2055 415 2149 quasi
432 2057 598 2152 principis
610 2081 699 2148 ossa,
718 2062 800 2130 'cum
821 2054 987 2128 flebilibus
1005 2050 1139 2129 iocibus
1156 2055 1192 2127 in
1210 2054 1314 2127 maris
1330 2078 1412 2126 un-·

222 2193 291 2264 das
305 2191 524 2265 obiecerunt·
561 2191 864 2291 sicquae-visitante
891 2198 925 2263 et
938 2188 1145 2287 'respiciente
1169 2191 1208 2263 ab
1234 2189 1303 2263 alto
1329 2188 1397 2260 cle·

172 2345 211 2399 15
221 2327 364 2420 mentia,
389 2327 468 2400 licet
484 2318 678 2425 naufragosi
694 2335 728 2399 et
748 2327 947 2418 semicincti,
958 2334 962 2348 '
972 2327 1015 2399 ad
1031 2326 1146 2399 littora
1164 2324 1307 2398 Venecie
1322 2328 1396 2396 cmn
1485 2358 1488 2367 ⁴

219 2463 324 2536 multa
344 2462 537 2536 difficultate
555 2465 628 2558 jam
650 2463 730 2536 dicti
752 2462 913 2559 principis
940 2464 1067 2553 ossa1)
1090 2448 1284 2535 detulerunt
1305 2459 1395 2531 et'in

220 2598 538 2688 Reynersbornensi
561 2597 697 2671 ecclesia
716 2602 813 2671 'nono
832 2598 977 2670 Kalend.
998 2597 1155 2671 ianuarii
1166 2600 1214 2687 2)’
1227 2596 1313 2669 circa
1333 2619 1395 2690 pa-

219 2737 310 2803 trum
333 2753 471 2803 suorum
493 2731 668 2825 sepulchra
689 2720 1174 2827 reverendissimecomposita
1197 2738 1288 2803 sunt.
1314 2739 1395 2807 ³cte-
1431 2785 1515 2831 ,m
1544 2802 1549 2807 .

1408 2851 1537 2897 Sam-Petu.

220 2883 298 2924 mens
324 2884 396 2943 papa
420 2863 502 2935 obiit,
531 2884 582 2940 pro
608 2883 662 2942 quo
686 2864 864 2935 Celestinus,
889 2866 933 2942 qui
955 2875 985 2922 et
1001 2864 1182 2942 'llargathus,
1212 2866 1394 2928 constituitur.
1428 2932 1451 2963 a.
1465 2921 1522 2966 lm·

170 2966 212 3021 20
223 2967 274 3025 llic
292 2968 319 3024 in
342 2965 386 3025 dic
407 2965 511 3044 pasche
533 2976 712 3023 consecratus
733 2966 759 3023 in
781 2985 884 3044 papam
904 2976 933 3023 et
952 2966 1077 3046 sequenti
1094 2965 1163 3024 seria
1180 2964 1302 3026 secunda
1321 2969 1397 3028 unxit

222 3067 360 3126 Hinricum
378 3087 472 3144 regem
493 3067 517 3124 in
537 3068 731 3143 imperatorem
753 3077 781 3125 et
804 3067 886 3124 tertia
909 3067 978 3124 lenia
999 3067 1122 3145 reginam
1139 3068 1165 3125 in
1184 3068 1394 3146 imperatricem.

219 3185 427 3281 Imperatore
440 3209 523 3259 uero
535 3184 709 3273 Eriderico
725 3185 814 3258 uiam
829 3186 987 3261 universe
1002 3175 1113 3293 carnis
1128 3185 1296 3283 ingresso,
1312 3188 1395 3261 reli-

220 3346 284 3443 qua
299 3344 378 3417 pars
392 3320 778 3415 superstitis'exercitus,
803 3321 860 3415 dui
875 3322 915 3393 de
933 3296 1026 3395 obitu
1045 3323 1117 3419 ejus
1135 3323 1235 3396 nimis
1251 3324 1394 3399 dolendo

218 3457 305 3530 miro
322 3433 421 3530 modo
442 3462 634 3529 attenuatus
644 3458 680 3548 ³)
701 3456 817 3552 (erat),
845 3456 1056 3530 Fridc'ricum
1072 3442 1206 3551 ducem,
1227 3459 1394 3556 jamdicti

169 3592 436 3699 coimperatoris
447 3591 564 3683 filium,
581 3615 683 3695 super
700 3616 736 3666 sc
754 3599 985 3690 preceptorem
1003 3593 1177 3666 constituit
1191 3600 1224 3666 et
1242 3619 1314 3697 cum
1329 3596 1393 3666 im-

217 3728 327 3801 becilli
354 3727 511 3801 comitatu
538 3733 572 3799 et
593 3724 780 3800 incredibili
803 3728 967 3823 paucitate
991 3728 1033 3798 ad
1056 3708 1292 3801 confortandos
1306 3716 1394 3820 hos,

219 3858 326 3957 quiin
343 3862 545 3937 Acherontis
563 3862 735 3936 obsidione
754 3864 826 3960 jam
843 3861 913 3935 lere
930 3861 1137 3954 defecerant,
1162 3863 1392 3938 strenuissime

219 4000 373 4072 occurrit.
426 3999 492 4072 Ubi
509 4000 586 4071 dum
604 3998 714 4092 aliquo
734 4000 884 4095 tempore
905 3999 995 4073 idem
1016 3997 1232 4074 dur-Swevie
1249 3986 1393 4074 uirihter

220 4137 255 4203 et
269 4130 403 4207 sortiter
420 4134 566 4226 lecisset,
591 4130 767 4209 immatura
784 4136 917 4230 quidam
934 4136 996 4215 sed
1011 4120 1183 4243 salutifera
1197 4136 1305 4210 morta
1321 4132 1393 4210 ter-

223 4296 248 4362 l)
264 4313 320 4347 ossa
339 4298 403 4348 fehlt
419 4299 453 4349 im
471 4304 513 4351 Or.
818 4302 902 4353 hiefiir
918 4313 996 4353 neunt
1010 4320 1037 4353 er
1050 4303 1110 4354 aher
1123 4303 1203 4355 nicht.
1228 4305 1260 4354 Es
1270 4303 1318 4355 soll
1327 4303 1392 4357 wohl

220 4379 247 4446 2)
261 4380 333 4431 Nach
342 4381 434 4433 Mbller
449 4383 466 4432 l.
477 4401 498 4434 c.
513 4383 586 4463 S-dssy
596 4385 668 4437 hatte
683 4388 724 4439 die
734 4380 792 4439 llei-
820 4385 924 4452 „ll9l“
941 4387 1048 4438 helisea.
1258 4366 1266 4391 ⁸

221 4474 325 4533 sstzung
340 4465 385 4516 der
394 4466 505 4517 Gebeine
514 4466 558 4517 des
567 4469 728 4537 Landgraien
742 4482 794 4523 erat
820 4469 847 4537 3)
864 4471 1014 4524 attemiatus.

221 4550 253 4600 im
269 4550 290 4602 J.
309 4546 376 4602 1197
390 4549 597 4618 stattgefuuden3
623 4553 690 4603 aeine
706 4556 796 4616 Quelle
