3426 5096
705 235 908 334 „po-

221 412 372 509 partibus
396 410 626 484 demoraretur
651 415 751 503 atquc
776 432 853 495 cum,
875 407 966 480 omni
992 409 1112 481 annisu
1136 409 1179 481 ad
1203 408 1397 494 electionem

220 549 316 644 pueri
335 547 463 643 publico
487 546 656 642 principes
671 547 828 618 inducero
845 543 1066 647 decrevisset,
1093 544 1220 616 occuulto
1238 566 1320 618 vero
1344 543 1397 615 dci
1541 590 1546 598 -

216 681 343 780 judicio
360 682 556 755 insanabilis
572 705 648 753 eum
662 681 861 754 dissenteria
874 683 909 773 ¹)
928 680 1064 753 mortus
1081 678 1262 774 occupavit,
1280 679 1396 772 inquo

220 819 353 913 ingrata
375 824 409 890 ot
426 818 522 914 pigra
546 817 686 889 natans
711 823 862 913 tempora
886 819 929 890 ad
945 814 1224 911 Herdipolensem
1248 813 1313 885 iter
1339 814 1398 884 de·

191 952 316 1027 aderit
332 952 514 1042 ecclesiam,
539 951 596 1024 ubi
614 952 654 1023 de
672 951 829 1025 infaustis
846 952 1038 1026 rumoribus
1054 950 1175 1024 habitis
1192 951 1232 1020 de
1250 947 1399 1044 ejusdem

222 1086 368 1161 civitatis
393 1087 549 1183 episcopo
575 1085 750 1178 Conrado,
776 1086 960 1183 imperialis
985 1085 1059 1159 aule
1085 1084 1299 1174 cancellario,
1325 1082 1398 1177 pla-

222 1245 300 1294 nam
322 1221 443 1293 habere
468 1223 651 1295 decernens
671 1222 908 1318 experientiam
917 1248 930 1314 ,'
952 1222 1047 1295 sicud
1063 1221 1099 1292 iu
1117 1219 1282 1293 mandatis
1307 1239 1399 1291 acco·
1413 1240 1545 1284 anana
1598 1238 1603 1249 ·

222 1363 339 1453 perat,
364 1380 440 1429 cum
457 1356 676 1431 universitate
693 1365 901 1454 pertractare
918 1345 1037 1449 voluit.
1092 1355 1181 1430 Sane
1200 1354 1289 1428 idem
1307 1353 1398 1425 Her-

221 1492 423 1587 bipoleusis,
450 1515 522 1565 cum
541 1493 821 1593 peregrinationis
844 1494 1009 1593 gratiam
1035 1492 1174 1565 mannis
1187 1492 1223 1581 ²)
1248 1466 1399 1585 partitus

174 1603 214 1694 cd
226 1651 339 1701 moras
354 1628 516 1733 duceret*
536 1634 680 1705 castrum
704 1629 793 1703 sorte
817 1610 983 1723 quoddam
1002 1652 1022 1702 a
1043 1628 1181 1724 paganis
1207 1615 1399 1720 deotpertum

222 1763 258 1835 in
275 1762 478 1836 deditionem
492 1763 635 1835 militum
650 1762 908 1838 clriitianorum
922 1764 991 1839 fore
1007 1765 1209 1854 devenisset,
1227 1761 1295 1835 uisi
1311 1759 1400 1854 quod

223 1905 355 1994 accepto
373 1922 392 1970 a
406 1898 546 1994 paganis
560 1898 690 1973 eisdem
704 1900 793 1972 idem
808 1901 983 1996 episcopus
1000 1924 1081 1972 auro
1098 1906 1132 1972 et
1146 1899 1308 1973 immensa
1322 1920 1400 1991 pec-

223 2033 319 2106 cunia
345 2026 753 2130 furtivisproditionilvos
778 2036 953 2109 consilium
972 2036 1163 2126 altercavit,
1188 2030 1403 2106 multamilia

222 2167 393 2243 homiuum
410 2168 557 2263 perdidit
574 2176 673 2262 atque
690 2171 737 2242 ita
751 2171 958 2265 recuperatio
970 2172 1007 2266 ³)
1021 2178 1111 2242 terre
1128 2175 1239 2242 sancte
1257 2166 1401 2259 iniquus-

175 2302 309 2376 1csimo
329 2303 564 2399 impedimento
585 2305 705 2377 extitit.
754 2306 890 2379 'Aurum
910 2330 992 2379 vero
1011 2331 1030 2378 a
1049 2302 1281 2401 genoricum)
1293 2301 1330 2374 iu
1349 2298 1402 2373 sui

222 2439 361 2513 materia
391 2438 557 2513 veraciter
586 2440 752 2532 oblatum,
785 2442 822 2515 in
846 2443 998 2516 manibus
1026 2441 1172 2537 episcopi
1203 2437 1399 2512 miraculose

222 2573 576 2664 transubstantiatam,
598 2576 706 2671 cupri
727 2578 1034 2667 naturaminduit,
1068 2582 1102 2648 ct
1123 2577 1171 2648 ita
1195 2574 1284 2668 quod
1308 2588 1401 2645 auce-

222 2710 319 2803 perat
335 2729 454 2778 aurum
474 2707 557 2796 tuit,
583 2711 672 2800 quod
686 2734 769 2783 vero
788 2711 937 2806 perdidit
955 2710 1064 2782 anima
1082 2709 1157 2782 duit.
1211 2708 1321 2803 Super
1347 2706 1400 2778 nis

225 2865 305 2937 ergo
322 2839 508 2915 infelicibus
525 2828 681 2935 auspiciis
696 2842 771 2936 ipso
784 2845 863 2939 juro
877 2842 1010 2914 infamis
1026 2841 1213 2937 episcopus,
1232 2819 1401 2933 tamquam

173 2997 214 3051 co
224 2976 360 3049 notorio
376 2975 551 3070 perculsus
571 2976 720 3067 crimine,
745 2984 859 3083 preter
876 2977 1035 3065 ordinem¹
1040 2976 1253 3073 judiciarium
1269 2976 1315 3049 at*
1323 2975 1401 3046 uui-

224 3110 384 3185 vcrsitato
403 3101 867 3206 sententiam'dampnationis
890 3112 1032 3208 accepit,
1058 3112 1171 3206 sicque
1193 3111 1339 3185 accensis
1364 3110 1401 3183 ia

79 3310 88 3332 .,
223 3247 421 3343 Mogontinu
436 3247 575 3318 ccclesia
595 3246 776 3320 luminibus
796 3272 815 3320 a
833 3255 946 3321 sancto
964 3248 1082 3321 matris
1100 3248 1226 3344 graffio
1249 3247 1399 3337 elimina-
1485 3286 1489 3294 ·

210 3389 310 3489 'tuss
323 3389 458 3456 auctore
482 3382 637 3455 Romano
664 3384 838 3479 pontifice,
872 3383 981 3463 officio
1007 3390 1049 3456 et¹
1065 3375 1223 3458 benedicio
1247 3383 1400 3478 privatus

223 3525 286 3592 est.
302 3517 395 3590 {Ad
416 3517 511 3613 cujus
530 3518 587 3590 rei
604 3519 908 3611 summationem,
932 3526 972 3592 ut
993 3521 1203 3610 dictumest,
1228 3519 1400 3627 Mogrmti-

172 3660 287 3727 tonus
306 3653 350 3726 ad
364 3650 642 3749 Hcrlipolcnsem
667 3644 837 3727 ecclesiam
860 3656 1065 3750 properavit.
1118 3655 1245 3727 Plenus
1271 3654 1401 3726 dicraum
1474 3648 1479 3659 ’

223 3813 298 3863 cvuu
314 3788 381 3862 due
400 3789 500 3879 tono,
527 3789 562 3863 vi
578 3796 612 3861 et
629 3789 777 3861 acumine
796 3790 1010 3862 sintomatum
1024 3788 1317 3878 invalescentibus,
1343 3812 1400 3860 co-

224 3948 296 3999 ram
321 3924 435 3999 multis
465 3924 608 3998 testibus
635 3923 671 3996 iu
701 3948 815 3998 mensa
842 3925 995 3998 residens
1025 3924 1112 3997 diem
1140 3924 1259 4010 clausit
1288 3930 1399 3997 eutro-

225 4032 374 4152 mum5).⁴
407 4061 665 4158 Herlipolcusis
681 4083 775 4158 ergo,
792 4060 922 4156 publica
936 4067 1073 4135 notatus
1089 4061 1225 4135 iufamia
1242 4068 1276 4134 ct
1291 4062 1402 4186 omui]

229 4256 253 4322 1)
269 4256 406 4309 dissentire·
824 4262 850 4329 sp
865 4266 914 4311 am
930 4259 971 4312 27.
991 4263 1048 4312 ort.
1068 4260 1149 4322 rano,
1176 4263 1224 4313 aaa
1241 4262 1298 4313 aem
1316 4264 1397 4328 wega

226 4338 253 4406 2)
269 4340 422 4392 cismarinis?
824 4364 875 4398 von
889 4347 1024 4413 Niirnberg
1040 4347 1105 4397 nach
1119 4346 1269 4413 Wiircburg.
1286 4370 1324 4390 -s
1354 4347 1397 4396 ich

225 4424 254 4489 3)
268 4425 408 4492 temperati
410 4442 491 4478 00000
634 4438 639 4453 “
823 4430 907 4482 werde
922 4432 977 4482 hier
992 4430 1108 4497 dbrigens
1124 4430 1197 4481 kaurn
1212 4447 1242 4480 cu
1262 4430 1396 4505 bemqucn

224 4507 251 4576 4)
266 4508 423 4577 tssffllfllbffl·
824 4515 965 4579 brauclred,
992 4514 1051 4566 dats
1074 4514 1119 4566 der
1142 4513 1229 4565 Gruud
1253 4513 1299 4563 der
1315 4513 1395 4563 Abse-
