3426 5096
790 234 830 300 73

225 410 421 501 extiterant,
447 409 545 482 etiam
561 408 627 505 ipsi
643 430 700 481 res
724 408 884 495 attritam
901 434 969 506 pro
992 411 1114 483 salutis·
1128 412 1262 481 austero
1285 401 1396 475 osiae

165 623 168 628 ,
223 554 300 620 rent
320 552 407 619 etse
427 546 470 617 ad
489 543 596 618 saneti
612 543 745 617 itineris
762 546 968 638 probinetum
986 542 1214 618 ordinabiliter
1231 543 1394 634 went

224 680 532 770 cardinalisrero,
557 684 597 750 ut
617 679 744 752 tundis
761 675 861 753 fidem
874 680 1021 771 taceret,
1045 678 1148 775 jussit
1168 674 1257 750 ablui
1273 695 1395 766 sospem
1453 736 1460 743 ,

224 840 310 910 aqua
324 821 358 888 et
373 816 465 906 uino,
482 820 516 887 et
533 811 706 887 eonfestim
723 814 809 887 eirea
826 822 956 911 partem
971 814 1038 887 loei
1059 812 1210 910 eorporis
1227 806 1396 884 tanmem

195 952 410 1046 sprenotatis
428 949 534 1044 signis
553 947 645 1021 nitor
663 950 833 1045 apparuit,
860 951 949 1044 quod
974 949 1120 1023 defuncti
1140 948 1250 1020 anima
1273 942 1396 1016 dein-

222 1086 377 1158 teutione·
389 1090 514 1174 saneta,
534 1107 632 1177 quam
648 1084 818 1177 habuerat,
836 1086 1055 1162 indubitatam
1069 1081 1305 1156 beatitudinem
1320 1101 1396 1167 sor-

223 1221 287 1303 tita
311 1225 373 1291 est
427 1218 547 1313 Sisque
570 1219 670 1293 unius
689 1243 782 1295 mors
806 1221 953 1318 gloriosa
969 1220 1089 1294 multis
1113 1215 1296 1292 incredulis
1317 1236 1396 1286 eon·

225 1355 369 1428 suluisse
394 1354 468 1428 uisa
494 1361 556 1428 est

328 1488 412 1562 llum
427 1459 748 1566 Hirtium-illustris
769 1492 953 1587 imperator
972 1493 1103 1567 videret
1120 1488 1397 1585 archiepiscopos,
1409 1502 1451 1547 1⁰1·
1461 1503 1533 1546 aeas.

177 1641 217 1695 eo
227 1625 424 1721 episcopos,
434 1627 545 1717 dures,
562 1626 783 1719 marchiones,
794 1629 864 1700 sed
883 1629 1041 1724 elipeum
1058 1627 1289 1700 Hermannum
1307 1623 1396 1695 lant·

226 1761 482 1856 grauiumoum
507 1762 649 1855 reliquis
678 1763 793 1836 liberis
823 1788 861 1836 ao
890 1761 1162 1836 ministerialibus
1191 1762 1234 1834 ad
1264 1760 1397 1856 signum

226 1895 353 1969 cbristi
374 1894 746 1970 anhelantibusanimis
767 1905 835 1971 tam
848 1897 1281 1993 solempniterssproperare,
1307 1894 1398 1967 desi-

225 2030 328 2103 deriis
343 2053 471 2103 eorum
493 2031 693 2104 satisfacere.
708 2034 862 2129 cupiens,
896 2033 1044 2128 generali
1070 2033 1177 2127 edicto
1202 2032 1240 2103 in
1265 2030 1397 2105 usitate

224 2164 399 2260 nepaes
413 2167 447 2257 1)
473 2166 599 2239 usam
622 2148 851 2243 sermonum
872 2167 1078 2264 paeesius
1101 2167 1266 2257 mosae,
1290 2165 1398 2261 pss-

177 2300 379 2395 lolegiatam
398 2301 585 2397 peregrinis
609 2302 709 2376 ituris
733 2304 773 2375 de
791 2303 1019 2376 bereditandis
1038 2301 1308 2398 possessionibus
1323 2300 1398 2372 suis

224 2436 261 2508 in
282 2436 482 2510 consistorio
506 2437 670 2532 imperiali
687 2438 805 2511 volens
824 2437 1172 2535 conderetlioentiam,
1196 2443 1236 2508 ut
1257 2435 1398 2529 quirun

226 2571 410 2665 queblium
428 2572 468 2643 de
483 2570 588 2645 libera
602 2595 671 2645 non
687 2572 843 2663 baberet,
867 2573 935 2645 filie
954 2572 1135 2665 babitelvel
1152 2572 1343 2664 cuneumque
1361 2571 1398 2641 in

226 2704 419 2800 genealogia
434 2706 587 2798 proximo
602 2707 710 2799 ipsam
732 2710 899 2802 delegaret
913 2708 1149 2797 hereditatem,
1176 2713 1339 2799 quatenus
1357 2705 1397 2776 de

226 2838 392 2936 promptis
406 2838 630 2934 promptiores
645 2863 681 2911 aa
700 2840 831 2913 devotis
847 2842 1021 2915 rideretur·
1041 2820 1172 2913 offioere
1196 2839 1399 2913 devotiores.

176 2974 291 3048 sonu*
304 2997 402 3067 quam
419 2979 532 3045 minen
554 2947 678 3046 ousiam
702 2975 798 3070 pauei
824 2974 1059 3049 convenientes
1084 2997 1123 3046 ea
1146 2997 1183 3047 se
1205 2974 1399 3069 imperatori

227 3110 416 3205 obligavere
435 3109 675 3204 promissione,
701 3117 741 3182 ut
762 3111 802 3181 de
819 3109 995 3182 beritando
1011 3109 1202 3205 posteritati
1217 3131 1275 3183 sue
1292 3131 1398 3206 regno

225 3245 559 3318 fidemindabitatam
573 3267 646 3317 eum
661 3246 853 3319 voluntario
868 3269 1034 3319 consensu
1048 3245 1206 3337 iacerent,
1226 3252 1284 3318 aut
1298 3253 1398 3335 uerte,

225 3381 256 3454 ei
269 3380 446 3476 boe‘agere
458 3380 673 3472 ·noluissent,
698 3389 778 3455 bane
796 3383 891 3475 quasi
907 3381 1177 3478 eaptiriimperii
1195 3383 1231 3454 in
1248 3381 1397 3455 custodia

224 3516 355 3612 publiea
371 3539 407 3588 se
427 3516 571 3588 detineri
584 3539 653 3589 non
671 3519 886 3612 ambigerent.
927 3517 1074 3591 Proinde
1088 3516 1160 3607 bii,
1175 3516 1232 3610 qui
1248 3518 1397 3604 aderent,

175 3660 215 3713 2⁵
223 3652 380 3731 timentes
401 3651 472 3724 euis
490 3651 760 3746 possessionibus
777 3653 989 3747 emancipari,
1013 3654 1299 3727 interlocutoriam
1315 3672 1397 3744 que-

225 3788 334 3861 sivere
354 3786 564 3877 dilationem,
592 3786 683 3859 eise
708 3786 930 3882 promissione
951 3788 1129 3878 dedentes,
1154 3787 1248 3861 utin
1273 3785 1397 3858 euram

225 3923 312 4017 apud
336 3922 557 4017 Herbipolim
575 3921 724 4016 proximo
753 3921 947 3994 celebranda
972 3922 1186 4003 universitati
1209 3920 1397 4018 principum

227 4057 364 4128 eandem
379 4057 591 4154 imperatoris
608 4057 814 4131 voluntatem
834 4059 993 4131 deberent
1007 4081 1186 4155 suggerere
1205 4065 1239 4131 et
1256 4060 1297 4132 ad
1317 4081 1397 4131 eon-

228 4208 364 4261 sensum
383 4192 591 4265 hereditandi
612 4193 709 4288 regni
731 4193 829 4265 etiam
851 4194 1096 4268 involuntarios
1124 4195 1233 4289 quoad
1257 4200 1397 4290 possent

177 4318 422 4414 3⁰defleetere,
446 4333 544 4420 atque
563 4327 593 4401 si
615 4351 731 4402 eorum
747 4329 896 4404 consiliis
913 4331 1017 4404 aeteri
1034 4296 1201 4427 prinsipes
1222 4326 1395 4403 addubita-

229 4506 254 4571 1)
268 4505 395 4559 Vielmehr
409 4523 439 4555 aa
452 4506 569 4569 Worme,
588 4509 654 4559 Nov.
672 4507 744 4561 1195.
