3422 5094
741 244 840 327 ‚37

234 415 382 489 loricatis
409 440 482 489 eum
509 415 623 512 olipeis
649 410 683 487 eb
708 407 836 511 glaolst
852 406 1008 506 ubilibet,
1032 414 1138 489 itaut
1160 418 1343 491 lateraliter
1368 441 1404 491 ss

233 551 484 648 contingerent,
511 551 787 624 circumcinctum.
817 528 957 641 ¹lfideus⁴
972 550 1075 645 igitur
1090 551 1325 625 ministeriales
1341 553 1406 625 mi-

127 742 133 753 ,
232 686 309 759 lites
329 693 363 759 et
380 686 541 761 militares
560 686 653 760 viros
672 676 980 778 aliosque'nobiles,
1005 685 1083 757 illos
1101 709 1217 759 omnes
1236 689 1406 784 subjectos

232 846 307 894 esse
326 823 472 915 dominio
491 819 646 914 (sororii)
667 820 720 892 sui
739 819 963 916 stupefartus,
988 819 1132 893 letanter
1149 821 1322 894 confessus
1343 829 1406 912 est,

183 975 269 1030 use
288 978 421 1041 murum
436 952 735 1051 preciosioremao·
747 952 923 1033 fortiorem
942 979 1011 1027 non
1029 955 1167 1028 vidisse.
1210 955 1257 1028 nt
1275 957 1407 1028 domum

230 1097 310 1185 post
326 1091 388 1164 boc
402 1092 438 1164 in
458 1091 553 1165 brevi
568 1091 746 1165 intervallo
762 1092 851 1171 istem
865 1089 1066 1164 Ludewieus
1085 1090 1293 1185 lantgravius
1308 1090 1406 1163 infir-
1430 1118 1473 1162 m.
1485 1119 1532 1163 no.

222 1206 328 1298 mari
344 1216 431 1320 cepit
456 1233 507 1316 et,
538 1226 794 1317 ¹)a·Fri‹lerioo
820 1226 1021 1320 imperatore
1033 1217 1068 1316 2)’
1096 1225 1253 1300 visitatus
1275 1232 1343 1315 est,
1368 1194 1422 1297 in'

233 1362 349 1432 eodem
369 1365 478 1431 rastro
500 1360 569 1434 vita
587 1362 729 1433 decessit
739 1360 788 1454 3).
841 1361 973 1456 (lorpus
991 1383 1073 1434 vero
1094 1363 1167 1458 ejus
1185 1362 1222 1433 in
1238 1361 1405 1434 Reiners-

231 1497 335 1584 born,
360 1501 492 1590 patrum
516 1519 653 1568 suorum
677 1496 848 1592 sepulture
874 1488 1003 1587 lorum,
1029 1521 1048 1568 a
1072 1496 1219 1593 propriis
1243 1495 1404 1569 militibus

182 1629 302 1702 losuis
321 1624 532 1725 pedestribus
550 1637 589 1703 ut
608 1631 729 1704 dieitur
747 1632 927 1703 honorifice
947 1633 1175 1727 deportatum,
1200 1629 1405 1703 transfertur

231 1771 265 1836 et
280 1764 543 1854 aWiobmauno,
561 1758 745 1838 venerabili
757 1757 1035 1861 llagrleburgensi
1051 1765 1312 1862 archiepiscopo,
1331 1734 1403 1851 oum

228 1900 358 1995 ingenti
377 1900 590 1992 exequiarum
609 1894 1126 1983 honoreterreoommendatur.

331 2034 533 2107 Ludewieus
551 2036 663 2127 itaque
680 2035 801 2107 tertius
820 2026 1047 2131 lantgravius,
1072 2036 1167 2131 prior
1184 2043 1284 2126 natur,
1308 2037 1406 2131 prin·

229 2173 371 2267 oipatum
393 2177 427 2242 et
450 2171 650 2265 probitatem
670 2176 704 2241 et
725 2178 847 2243 nomen
871 2171 977 2265 patris
999 2170 1153 2243 obtinuit.
1204 2170 1290 2242 Erat
1316 2171 1404 2254 enim

180 2316 219 2369 15
230 2306 283 2381 vir
299 2330 360 2402 per
375 2308 486 2379 omnia
504 2280 701 2396 catholicus,
726 2306 803 2402 plus
821 2306 982 2402 religioni
999 2330 1096 2398 quam
1114 2306 1234 2396 armis,
1260 2304 1403 2377 fascibus

229 2442 379 2533 deditus,
406 2442 586 2537 apostolice
605 2442 724 2532 sedi4)
749 2434 1013 2537 subjectissimus
1038 2448 1072 2513 et
1096 2442 1248 2515 omnibus
1266 2440 1404 2514 virtuti-

227 2579 289 2649 bus
313 2577 497 2672 preolarus.
549 2576 614 2648 Hie
634 2577 798 2648 celebatus
822 2578 984 2671 pudorem
1003 2578 1242 2672 perpetualiter
1266 2599 1403 2649 conser-

224 2734 308 2783 vare
338 2735 410 2782 eum
434 2711 685 2803 proposuisset,
713 2718 844 2783 coactus
867 2718 979 2783 tamen
1007 2735 1026 2781 a
1053 2711 1124 2783 suis
1151 2712 1244 2783 lueis
1263 2710 1401 2783 Austris

228 2845 342 2933 filiam,
363 2843 578 2915 famosissimi
594 2867 679 2936 pene
696 2850 892 2915 nostrorum
908 2849 1096 2935 temporum
1111 2845 1189 2932 viri,
1208 2845 1302 2915 duxit
1318 2867 1403 2914 uxo·

178 2946 301 3051 sorem
313 2982 375 3072 ⁵),
394 2977 490 3074 eujus
513 2984 601 3049 caste
625 3000 707 3048 usus
731 2983 783 3048 est
804 2977 1054 3071 conjunctione,
1081 2983 1118 3047 ut
1137 2976 1194 3049 vix
1211 2948 1403 3049 crederetur

229 3139 301 3187 eam
316 3137 480 3206 unoquam
491 3116 526 3206 6)
546 3112 766 3219 cognovisse:
793 3111 930 3207 .Legale
946 3111 1031 3217 illud
1045 3119 1248 3208 preceptum,
1274 3112 1404 3195 honora

227 3259 356 3347 patrem
376 3257 409 3322 et
426 3256 584 3339 matrem,
612 3255 650 3320 et
660 3248 784 3351 fratres
800 3271 839 3343 ao
855 3271 991 3320 sorores
1008 3248 1196 3342 diligendo,
1221 3248 1402 3343 imperato-

226 3410 316 3478 rem,
342 3386 542 3461 avrmeulum
563 3407 660 3456 suum
683 3384 877 3456 honorando
905 3391 938 3456 et
958 3373 1160 3474 obediendo,
1188 3383 1346 3458 divitibus
1365 3408 1403 3455 ao

228 3674 253 3739 1)
267 3673 330 3723 llier
346 3672 410 3722 fehlt
423 3675 557 3738 postquam
577 3670 640 3720 oder
657 3671 698 3719 ein
717 3670 801 3719 ¹s'hnli-
827 3660 981 3735 Saxssuper.
998 3687 1023 3735 p.
1033 3668 1083 3719 331
1100 3686 1124 3718 u.
1142 3669 1239 3717 besses:
1264 3667 1358 3718 Tenzel
1374 3667 1401 3714 in

228 3758 385 3809 chesWort.
827 3754 949 3820 supplem.
966 3754 988 3802 ll
1013 3753 1078 3801 H-ist.
1102 3752 1180 3800 Goth.
1203 3768 1227 3817 p.
1244 3750 1301 3800 510.
1344 3751 1400 3798 Den

226 3842 253 3908 ⁴2)
267 3841 421 3909 imperatori.
827 3837 959 3902 negativen
977 3836 1084 3895 Beweis,
1109 3836 1166 3883 dafs
1182 3833 1314 3900 Landgraf
1328 3833 1401 3882 Lud-

227 3924 254 3991 3)
270 3927 323 3976 huf
334 3926 428 3975 seinem
438 3925 573 3975 Grabsteiu
588 3925 622 3973 ist
636 3923 688 3972 sein
699 3922 801 3973 Todes-
828 3922 875 3986 wig
886 3922 920 3970 lli
938 3921 1011 3970 keine
1019 3917 1219 3985 Babenbergerin
1230 3936 1273 3994 zur
1280 3918 1344 3968 Frau
1353 3935 1400 3985 ge-

229 4020 270 4078 tag
286 4011 444 4078 angegeben:
464 4013 487 4061 ll
504 4009 561 4059 fdus
578 4007 702 4058 Octobris.
826 4005 888 4055 habt
901 4005 983 4055 huben
997 4004 1065 4054 'kann
1073 4041 1081 4064 ,
1099 4003 1168 4070 giebt
1182 4003 1261 4053 sehon
1276 4002 1316 4052 ein
1331 4003 1401 4053 sslick

229 4090 255 4157 4)
270 4094 401 4160 apostolici
418 4095 485 4144 sede.
601 4082 604 4093 ’
827 4090 874 4139 arrf
897 4089 938 4138 die
957 4088 1116 4138 Stammtsfel
1138 4087 1217 4138 dieses
1239 4088 1335 4137 Hauses
1358 4087 1401 4137 bei

230 4175 257 4240 5)
269 4178 384 4245 Ludwigs
400 4181 436 4230 lll
454 4188 520 4228 erste
536 4178 601 4227 Fran
615 4177 681 4226 hiefs
699 4177 802 4242 Marga-
827 4174 934 4238 Meiller‚
951 4175 1075 4241 Regesten
1092 4191 1136 4223 zur
1150 4174 1242 4223 Gesch.
1256 4171 1302 4222 der
1312 4172 1400 4221 Mark-

230 4267 292 4321 reta,
309 4277 358 4309 war
374 4262 433 4313 aber
446 4263 516 4312 nicht
530 4279 573 4312 aus
589 4261 647 4311 dem
656 4263 748 4311 naurs
757 4261 802 4310 der
827 4260 916 4325 grafen
931 4259 981 4308 und
990 4261 1105 4325 Hes-roge
1123 4275 1173 4308 von
1182 4257 1311 4306 Oestreieh
1327 4264 1401 4306 unter

231 4342 417 4410 babenbergen,
441 4346 551 4398 sondern
571 4348 642 4397 mehr
660 4332 700 4397 als
719 4346 802 4395 wahr-
827 4344 877 4393 den
894 4343 1097 4411 Bobenbergern,
1116 4358 1156 4391 am
1171 4341 1249 4391 Endess

230 4426 368 4478 scheinlich
377 4428 432 4478 eine
442 4429 553 4494 geborne
563 4429 649 4480 Griifin
657 4446 707 4480 von
718 4429 802 4480 Gleve.
826 4424 853 4496 6)
867 4442 1015 4496 nuncquam.

230 4511 376 4565 S.'Eckart.
401 4512 554 4579 Genealogia
578 4514 643 4563 Hist.
660 4512 802 4581 Principum
