3422 5094
899 225 1019 291 44Ἴ

206 427 248 472 nr.
261 428 307 471 an.
333 401 376 472 In
394 401 489 495 eujus
507 398 674 469 audientia
691 404 725 468 et
745 398 850 495 totius
867 394 1053 490 frequentie
1069 399 1238 493 predictus
1258 398 1436 474 cardinalis
1456 402 1508 474 lo-

334 542 430 630 gatus
446 533 619 629 apostolici
635 520 835 628 legationem
852 533 1088 628 promulgavit.
1140 533 1255 607 Primo
1273 535 1378 631 igitur
1399 537 1507 608 domi·

332 693 397 741 nus
427 692 511 764 papa
538 667 694 739 flebiliter
722 667 938 760 conqueritur
967 668 1189 762 captiuitatem
1221 671 1329 743 crucis
1357 678 1391 743 et
1415 671 1505 767 regis

333 803 607 892 christianorum,
632 802 887 874 trucidationem
907 803 1154 898 episcoporum,
1180 805 1377 877 occisionem
1392 816 1506 902 'popu-

332 939 459 1028 lorum,
487 937 737 1010 decollationem
754 937 1006 1032 templariorum
1024 946 1056 1039 et
1074 937 1340 1034 hospitaliorum.
1380 940 1506 1014 Postea
1537 948 1558 1000 5

332 1072 486 1145 hortatur
509 1096 566 1145 eos
591 1079 624 1143 et
647 1080 778 1163 monet,
803 1078 841 1144 ut
864 1079 1002 1168 propter
1023 1074 1120 1145 deum
1143 1080 1177 1145 et
1193 1082 1332 1171 propter
1353 1082 1505 1170 pcccato-

332 1232 407 1280 rum
425 1232 562 1281 suorum
579 1209 837 1304 indulgentiam,
866 1214 899 1279 et
921 1215 1059 1302 propter
1081 1214 1196 1280 eterne
1214 1178 1448 1309 retritutionis
1473 1218 1506 1283 et

333 1343 401 1417 uite
423 1351 535 1416 eterne
555 1343 800 1438 adipiscendam
823 1343 963 1439 gloriam
981 1344 1023 1415 ad
1037 1332 1268 1425 liberationem
1285 1351 1375 1417 terre
1391 1351 1504 1418 sancte

331 1479 561 1571 unusquisque
589 1477 737 1550 festinet.
799 1478 876 1550 Hiis
903 1479 1016 1552 verbis
1045 1479 1150 1551 finitis
1176 1480 1360 1575 imperator
1394 1504 1504 1553 coram

333 1613 486 1686 omnibus
502 1614 693 1686 lacrimatus
713 1621 781 1705 est,
809 1620 842 1685 ct
854 1639 926 1697 non
941 1614 1161 1710 ipsetantum
1182 1640 1312 1688 crucem
1329 1616 1503 1712 professus
1516 1626 1555 1680 1⁰

333 1754 403 1839 est,
429 1748 605 1820 sedetiam
629 1750 826 1840 universos,
853 1749 910 1841 qui
927 1757 1102 1844 presentes
1120 1750 1274 1841 fuerunt,
1301 1751 1427 1845 signari
1447 1775 1504 1823 er-

330 1882 495 1956 hortando
527 1884 709 1957 constituit.
764 1882 896 1980 Signati
924 1892 1004 1957 sunt
1026 1885 1116 1958 XIII
1140 1886 1242 1989 millia
1267 1886 1315 1957 ili
1340 1885 1504 1957 dominica

331 2043 437 2110 eruce,
456 2010 654 2116 imperator,
669 2018 870 2101 Ludewicus
884 2019 975 2091 filius
994 2021 1123 2093 sororis
1141 2044 1212 2112 sue,
1238 2020 1392 2117 princeps
1408 2020 1503 2093 'lhu-

328 2154 455 2249 ringie,
481 2154 668 2229 Gotlridus
679 2155 953 2250 Herbipolensis,
969 2155 1197 2229 Burmannus
1214 2156 1503 2247 lllonasteriensis,

328 2289 494 2361 Martinus
518 2290 720 2395 Misnensis,
745 2289 916 2363 Rudollus
940 2289 1162 2381 Leodiensis,
1187 2291 1348 2364 Hinricus
1369 2292 1554 2387 Argen-15

328 2423 471 2496 tinensis
493 2425 601 2497 etalii
622 2425 737 2520 plures
755 2424 918 2520 episcopi,
944 2426 1061 2521 Poppo
1080 2451 1189 2499 comes
1208 2429 1248 2499 de
1265 2427 1504 2523 Hennenberg,

329 2557 533 2632 Adellrertus
561 2561 600 2633 de
628 2559 832 2652 Grumbach,
857 2561 1061 2635 Adeltertus
1087 2564 1128 2634 de
1150 2563 1351 2657 Hydeborg,
1386 2562 1511 2634 etalii
1628 2644 1634 2649 ⁸

329 2694 424 2766 multi
443 2695 622 2793 principes,
650 2697 787 2770 comites
805 2704 838 2768 et
854 2697 994 2789 nobiles,
1021 2670 1082 2770 sed
1100 2706 1133 2771 et
1147 2698 1399 2770 innumerabilis
1415 2699 1503 2770 mul-¹

328 2832 439 2904 titudo
468 2832 678 2905 diversorum
700 2814 890 2929 'regnorum
918 2857 954 2905 ac
982 2824 1175 2928 regionum,
1208 2840 1275 2905 tarn
1306 2834 1501 2906 clericorum

329 2990 426 3059 quarn
442 2968 615 3057 laicorum,
641 2991 736 3040 craece
755 2968 918 3041 dominica
940 2969 1063 3064 signati
1082 2975 1172 3043 sunt.
1224 2968 1335 3041 Porro
1350 2968 1395 3041 ad
1410 2968 1500 3064 regie
1509 2978 1551 3038 eo

327 3099 545 3195 profectionis
571 3103 764 3197 magnifiios
787 3111 965 3199 apparatus
989 3104 1090 3176 unius
1115 3104 1196 3176 anni
1216 3128 1337 3206 cursus
1361 3104 1501 3176 edicitur

328 3241 362 3307 et
384 3235 534 3309 universi
556 3262 618 3333 per
635 3239 786 3334 singulos
809 3241 851 3312 ad
871 3241 1020 3336 ejusdcm
1034 3241 1148 3313 saneti
1168 3241 1360 3338 procinctus
1379 3234 1501 3311 itine'ra

319 3370 536 3463 animantur,
561 3381 601 3455 ut
618 3374 655 3446 in
672 3374 785 3448 futuro
804 3399 909 3466 anno,
934 3377 971 3447 in
993 3376 1044 3448 die
1062 3376 1167 3449 saneti
1188 3373 1325 3470 Georgii
1340 3375 1500 3466 martyris

327 3508 415 3602 apud
432 3507 839 3607 civitatem'Ratisponam
852 3512 1060 3617 unanimiter
1081 3512 1308 3586 convenirent.
1355 3532 1359 3539 ’
1443 3538 1447 3545 ·

428 3644 529 3719 Anno
548 3646 691 3720 Domini
702 3614 951 3721 uchxXlx
975 3670 1108 3720 emenso
1124 3648 1237 3740 itaque
1252 3647 1551 3743 propositcdi-es

324 3780 459 3854 lationis
474 3784 638 3873 termino,
666 3783 815 3881 collectis
834 3759 928 3854 cesar
946 3783 1109 3855 exercitus
1132 3783 1185 3855 sui
1203 3752 1359 3878 plurimis
1382 3808 1420 3856 ae
1441 3807 1500 3855 ro-

324 3916 526 3988 bustissimis
547 3918 662 4012 copiis,
688 3918 923 4013 Ratisponam,
948 3918 1157 3992 Bavarorum
1174 3919 1352 4007 civitatem,
1379 3918 1502 4010 attigit,

325 4055 503 4142 apparatus
520 4051 606 4144 regii
623 4052 708 4123 scire
725 4054 920 4126 desiderans
936 4054 1174 4149 integritatem,
1194 4079 1231 4127 ac
1247 4075 1411 4151 pauperes
1427 4067 1501 4123 cum

325 4182 484 4257 divitibus
509 4185 649 4280 benigne
677 4186 876 4277 exhortans,
908 4189 944 4260 in
971 4191 1093 4263 finibus
1114 4191 1253 4264 Austris
1278 4194 1423 4260 metatus
1441 4194 1502 4260 -est

325 4320 475 4408 (castra).
526 4321 603 4393 Rex
631 4327 742 4393 autem
770 4321 892 4396 celtice
919 4326 1158 4421 provincial),
1192 4350 1265 4400 cum
1290 4333 1360 4399 tarn
1385 4323 1500 4398 multis
1510 4337 1552 4391 ὅθ

327 4497 352 4564 1)
367 4497 482 4550 Nemlich
498 4503 570 4568 Bela,
589 4503 622 4553 K.
639 4520 690 4555 ron
705 4480 816 4572 lingarn.
