3422 5094
789 221 832 287 45

710 311 913 322 ...ι-υ*

224 405 447 496 pugnatorum
464 395 598 470 auxiliis
611 395 847 491 imperatorem
864 391 986 464 linibus
1004 393 1076 467 suis
1088 395 1245 505 ingruere
1262 417 1396 491 compe.

223 534 334 625 mono,
361 533 514 607 simulate
534 532 625 627 pacis
642 529 760 605 federa,
777 528 861 601 inita
869 526 982 599 luisse
1003 528 1157 621 opinatus
1183 536 1247 602 est.
1298 529 1395 603 Unde

224 676 262 742 et
273 669 447 742 fraudibus
468 667 615 740 assolitis
633 688 742 737 noros
764 663 1102 737 machinamentorum
1123 663 1227 737 dolos
1243 687 1404 738 accensu.-¹

222 802 314 894 lans‚
341 803 371 875 si
395 809 494 896 queat
517 808 590 874 esse
611 800 789 895 possibile,
816 798 941 871 sanctis
956 798 1023 870 iter
1040 797 1209 897 gressibus
1229 799 1398 893 pretendit

194 938 410 1027 boccludere,
432 938 469 1008 in
486 934 662 1008 mendesio
680 958 886 1030 proponens,
906 933 995 1026 quod
1013 939 1070 1004 aut
1087 956 1123 1004 se
1143 939 1200 1004 aut
1217 930 1397 1007 Greculum

224 1073 427 1165 sceptrigero
441 1071 475 1163 1)
494 1070 617 1164 regalis
633 1070 832 1142 sacramenti
847 1067 1025 1164 specimine
1045 1068 1239 1163 privaturus
1258 1067 1295 1139 in
1308 1092 1397 1162 par-

223 1212 276 1278 tes
293 1205 369 1279 illas
387 1204 573 1278 accesserit.
627 1203 696 1278 Sed
716 1204 938 1291 mediantibus
955 1203 1130 1295 utriusque
1142 1202 1179 1298 ²)
1201 1226 1261 1275 rer
1280 1201 1396 1297 Unga-

223 1365 339 1413 rorum
363 1341 456 1435 juxta
483 1340 666 1412 decentiam
681 1339 829 1414 Romani
846 1339 996 1434 imperii,
1022 1339 1125 1411 uellet
1141 1338 1265 1427 nollet,
1289 1338 1395 1432 impe-

75 1498 81 1507 ’
223 1482 370 1547 satorem
390 1475 535 1570 gloriose
557 1475 702 1571 suscepit
724 1482 757 1547 et
780 1473 983 1566 aliquamdiu
1008 1497 1081 1546 curn
1105 1473 1195 1545 omni
1218 1474 1396 1546 contuber-

174 1626 213 1681 10
223 1609 333 1682 naculi
347 1609 535 1701 frequentia
549 1611 653 1704 largis
671 1616 844 1685 sustentat,
855 1608 1049 1704 stipendiis,
1074 1607 1194 1681 ceteris
1211 1614 1396 1682 castrorum

222 1743 362 1834 turmis,
398 1767 460 1836 que
486 1743 583 1817 valde
611 1740 748 1816 dierunt
774 1744 926 1839 copiose,
958 1744 1114 1838 largioris
1139 1750 1305 1816 mercatus
1339 1767 1396 1816 co-

222 1879 311 1972 p'iam
333 1878 426 1972 regia
444 1884 594 1972 potestas
616 1877 785 1972 indulgeri
806 1878 922 1973 jussit
973 1878 1108 1950 Interea
1132 1878 1247 1952 lavore
1266 1880 1397 1952 utrius·

222 2036 285 2106 que
299 2013 404 2087 fidem
423 2013 775 2111 danteprofconjugio
791 2012 881 2084 inter
895 2012 1001 2084 filium
1017 2012 1142 2106 ipsius,
1169 2013 1285 2084 ducem
1300 2013 1396 2088 vide-

222 2147 301 2220 licet
322 2146 463 2237 Suevic,
490 2147 547 2239 qui
572 2147 700 2241 etipse
725 2147 762 2219 in
785 2148 898 2219 eadem
921 2146 1189 2242 peregrinatione
1209 2170 1282 2219 curn
1300 2153 1395 2241 patre

176 2304 213 2357 rs
225 2282 404 2355 exercitum
420 2283 566 2378 regebat,
593 2288 627 2353 et
644 2281 747 2354 filiam
765 2282 837 2377 jam
856 2282 1041 2391 dictiflregis
1059 2280 1284 2353 contrahendo
1309 2286 1397 2352 tem-

221 2441 303 2512 pore
327 2417 607 2533 peregrinationis
629 2416 826 2491 melioribus
849 2417 1005 2512 auspiciis
1021 2423 1176 2513 peracto,
1195 2415 1317 2489 multis
1336 2439 1397 2488 re-

222 2552 288 2624 niis
312 2558 380 2639 tam
407 2552 600 2625 victualium
627 2575 724 2643 quarn
748 2552 895 2645 pretiose
919 2552 1159 2647 suppellectilis
1181 2550 1395 2647 imperatorie

224 2685 396 2755 serenitati
415 2684 584 2756 humiliter
606 2686 789 2779 porrectis,
815 2666 947 2781 pacifice
967 2686 1235 2781 discessumtestss
1287 2685 1396 2779 Igitur

223 2818 405 2911 imperator
419 2818 843 2911 'consuete-progrediens
870 2818 907 2888 in
920 2817 1124 2888 lortitndine
1148 2817 1301 2906 virtutis,
1335 2839 1396 2909 per

173 2951 387 3023 enormium
404 2950 551 3045 Ungarie
574 2948 610 3022 in
628 2973 725 3021 manu
752 2952 889 3022 robusta
909 2950 951 3021 ad
970 2948 1123 3023 Greciam
1135 2949 1190 3045 3)‚
1216 2948 1396 3023 cum.inte-'

188 3111 192 3116 ·
224 3110 285 3181 gro
311 3085 481 3179 copiarum
504 3096 641 3156 suarum
658 3085 850 3179 procinctu,
876 3084 1120 3157 lormidalitilis
1143 3083 1395 3178 circumquaque

222 3221 405 3317 prouinciis
423 3218 593 3314 profectus
604 3222 641 3311 4)
658 3227 722 3292 est
758 3220 892 3294 Interea
908 3221 987 3292 dum
1003 3219 1184 3316 imperator
1201 3219 1395 3293 dridericus

222 3355 444 3451 proficiscitur
463 3361 580 3427 contra
597 3354 779 3450 Ungariam
799 3361 832 3426 et
849 3379 920 3430 uon
938 3361 1028 3427 esset
1046 3355 1158 3451 opinio
1179 3355 1395 3431 'l'hcutonicis

223 3497 261 3562 ut
283 3483 438 3563 reducem
456 3513 532 3561 curn
556 3489 735 3581 haberent,
759 3489 797 3561 in
817 3490 973 3562 orientali
991 3488 1137 3565 Saxonis
1158 3489 1396 3565 intestinorum

171 3631 212 3687 2⁶
223 3626 386 3700 bellorum
407 3623 584 3697 acrimonia
605 3624 845 3697 incredibiliter
868 3630 984 3696 exorta
1007 3629 1068 3695 est
1119 3622 1203 3695 Nam
1220 3624 1310 3697 filius
1333 3624 1396 3699 0t-
1409 3608 1454 3695 αι’
1464 3653 1547 3701 aare.

222 3762 312 3834 tonis
326 3761 361 3851 5)
390 3758 611 3849 marchionis,
635 3758 800 3830 territorii
819 3756 1001 3845 llisnensis
1026 3757 1247 3851 principatum
1273 3758 1395 3851 guber-

223 3895 354 3985 nantis,
389 3894 528 3966 eundem
556 3899 685 3988 patrem
712 3914 810 3980 suum
839 3890 916 3963 dolo
943 3891 1203 3965 circumveniens
1230 3892 1396 3988 captiuum

226 4028 359 4101 abduxit
381 4014 415 4101 ei
433 4030 533 4100 urbes
553 4033 710 4122 paternas
726 4026 894 4099 hostiliter
915 4050 1096 4122 occupans,
1121 4026 1190 4100 vim
1210 4051 1310 4119 quam
1333 4052 1396 4122 po·

225 4160 290 4230 tuit
308 4184 381 4232 cum
400 4162 587 4255 iniquitatis
610 4186 669 4235 sue
688 4161 875 4235 fautoribus
896 4161 1120 4258 patri‘intulit
1145 4168 1178 4234 et
1202 4162 1395 4239 uniuersam

229 4322 252 4386 1)
268 4332 434 4388 seeptergero.
453 4352 487 4363 -
510 4327 642 4393 *sceptrol
821 4326 849 4393 3)
864 4327 985 4394 gregium.

225 4406 251 4470 ’2)
267 4405 330 4455 Hier
349 4405 381 4454 ist
399 4407 463 4456 wohl
484 4409 561 4473 partic
578 4411 640 4462 oder
656 4413 695 4463 ein
712 4410 795 4463 iihnli·
822 4409 848 4475 4)
864 4410 1005 4477 provectus,
1071 4418 1076 4425 '

225 4490 284 4540 cher
299 4490 376 4540 Wort
392 4506 422 4538 zu
440 4490 568 4555 ergiiozen.
679 4548 693 4567 s
823 4494 848 4560 5)
864 4494 992 4545 Albrecht.
