3422 5094
817 261 865 327 97-

734 346 939 371 ῌ-ψ...

246 433 370 507 ealimn
385 454 446 506 seo
459 434 625 507 honorum
637 431 808 507 monachis
820 431 1062 525 adherentium,
1080 431 1260 507 liuthardo
1273 432 1426 508 ethdel·

246 564 344 642 herto
365 568 623 666 archiepiscopis
639 567 847 665 Mogunliuis
861 569 908 660 1).
1408 666 1412 673 Ι

333 704 482 765 Lothaoius
505 716 596 764 autem
611 705 761 782 imperator
779 703 911 775 ellectus,
934 722 995 765 cum
1010 700 1098 763 Roma
1113 700 1150 762 ad
1168 703 1275 773 clusas,
1297 722 1368 783 quae
1389 701 1426 762 ed
1461 713 1542 756 tenet·

249 807 387 866 civitatem
404 798 526 865 Briram'
537 806 741 875 transmittunt,
765 804 902 875 venisset,
924 815 1070 883 tyranuum
1085 803 1219 883 quendam
1236 801 1424 876 Adelhertum
1448 779 1556 837 mm

219 920 312 973 scum
330 908 359 967 X
373 908 480 967 milibus
502 907 646 967 transitum
665 905 909 985 prohibentem²)‚
932 903 1023 964 divina
1041 924 1072 964 se
1087 905 1179 984 gratia
1197 905 1346 963 comitante
1366 905 1427 983 glo·
1517 947 1520 953 .

249 1009 457 1081 riosedevicit,
483 1009 625 1088 ipsumque
647 1009 675 1066 in
695 1008 808 1087 proprio
831 1018 923 1081 castro
941 1005 1062 1066 Lcdrum
1080 1005 1154 1065 dicto
1167 1009 1210 1080 ⁸),
1233 1007 1298 1065 licet
1312 1006 1427 1087 inexpu-

248 1109 366 1187 gnabili,
388 1109 425 1175 ad
440 1108 513 1189 quod
528 1110 706 1191 conlegerat,
729 1109 803 1188 cepit
816 1119 845 1167 et
864 1108 999 1186 captivum
1016 1105 1144 1179 abduxit,
1167 1107 1260 1187 sicque
1277 1107 1348 1167 letus
1364 1127 1424 1169 eum

247 1210 306 1269 suis
328 1206 365 1268 ad
386 1211 498 1289 propria
519 1209 601 1270 rediit
609 1212 649 1283 ⁴).

336 1311 404 1370 ltern
422 1332 494 1370 auno
508 1310 618 1371 Domini
632 1311 824 1371 MCXXXllll
840 1310 990 1370 hetherius
1005 1311 1156 1395 imperator
1170 1321 1347 1389 pentecosten
1361 1310 1426 1369 Hal·
1439 1320 1565 1365 talares.

198 1412 359 1478 lonerstat
375 1411 573 1489 celebravitlp,
596 1414 641 1472 uhi
655 1413 784 1493 Magnus,
805 1413 876 1473 lilius
890 1412 1000 1497 Nicolai
1015 1413 1091 1490 regis
1108 1411 1259 1484 Bonorum,
1280 1410 1316 1470 ad
1332 1412 1425 1491 acqui·
1449 1388 1481 1432 ἢ·
1494 1388 1553 1432 ¹¹²¹·

249 1512 362 1572 rendam
375 1517 414 1588 l)v
425 1516 542 1593 gratiam
567 1516 628 1594 ejus
651 1517 811 1576 immensum
834 1516 861 1575 ei
881 1512 987 1595 pondus
1005 1513 1064 1573 auri
1083 1524 1112 1572 et
1128 1514 1235 1591 argenti
1254 1513 1365 1592 optulit,
1388 1532 1423 1573 eo

249 1613 322 1694 quod
337 1617 431 1693 priore
446 1635 527 1688 auno,
549 1636 618 1696 rege
632 1616 765 1676 Lothurio
782 1618 811 1675 in
830 1615 1006 1696 expeditione
1019 1614 1143 1675 Romana
1157 1625 1301 1694 occupato,
1323 1602 1424 1672 multos

247 1715 470 1787 Teutonicum,
492 1737 560 1796 quos
579 1719 606 1775 in
624 1716 713 1776 Danie
731 1717 854 1795 partibus
873 1728 1018 1797 repererat
1027 1717 1068 1789 ⁷),
1092 1716 1161 1775 alios
1181 1715 1331 1788 occiderat,
1353 1717 1424 1774 alios

248 1817 471 1890 obtruncaverat,
493 1819 636 1877 nonnullos
652 1837 720 1877 uero
735 1817 852 1878 dirersis
866 1820 945 1897 penis
960 1829 990 1877 et
1003 1818 1167 1877 eruciatibus
1183 1817 1298 1877 allectos
1312 1816 1347 1876 de
1363 1798 1423 1876 lini·

197 1917 300 1985 15hus
317 1918 374 1977 suis
397 1918 538 1994 ejecerat,
560 1918 597 1978 oh
614 1920 728 1998 iujurias
748 1920 854 1980 scilieet
872 1939 939 1999 quas
962 1920 1022 1999 ipse
1044 1917 1144 1978 dodum
1166 1938 1226 1978 cum
1247 1919 1348 1999 populo
1370 1937 1422 1977 suc

246 2017 281 2078 ah
297 2021 423 2079 exercito
441 2020 517 2098 regis
533 2019 657 2079 Letharii
680 2021 839 2100 pertulerat.
885 2021 975 2098 Quem·
995 2031 1086 2079 tumen
1110 2039 1181 2099 pyus
1192 2020 1346 2098 imperator
1364 2018 1422 2078 ιο

245 2120 350 2180 tharios
365 2121 484 2200 henigne
501 2118 678 2201 (suscipiens)
694 2141 789 2200 regern
804 2116 944 2180 Duoorom
960 2140 1024 2180 esse
1039 2119 1172 2192 decernit,
1189 2132 1219 2180 et
1230 2121 1359 2200 imposito
1375 2140 1422 2179 su·

245 2241 297 2300 per
309 2221 398 2300 capud
413 2222 475 2300 ejus
491 2221 657 2295 diademate,
677 2243 738 2282 eous
755 2222 799 2282 die
812 2234 910 2283 saneto
925 2233 1102 2301 pentecostes
1119 2222 1198 2300 regio
1213 2221 1290 2279 cultu
1307 2221 1422 2279 vestitos

246 2323 434 2401 imperatorii)
454 2326 515 2402 ipse
534 2324 714 2404 procederet,
736 2344 798 2384 eom
816 2324 869 2405 sihi
886 2324 1036 2404 spatarium
1061 2324 1136 2383 lecit.
1182 2323 1242 2395 Qua
1266 2322 1312 2382 ille
1333 2319 1422 2401 gloria

195 2439 237 2496 20
248 2424 313 2483 licet
327 2424 464 2504 indignus,
486 2438 576 2486 mente
594 2425 712 2486 tumidus
722 2428 751 2500 ⁹)
767 2426 803 2486 ad
818 2427 929 2506 propria
946 2426 1062 2485 lustinus
1079 2422 1176 2498 rediit;
1199 2435 1423 2507 congregataque

243 2525 416 2586 multitudiue
431 2539 608 2598 armatorum,
631 2528 752 2600 Emeum,
775 2529 858 2586 lilium
879 2528 969 2606 patrui
987 2528 1045 2599 sui,
1068 2526 1146 2604 cujus
1164 2532 1228 2585 aule
1244 2526 1357 2585 iratrem
1374 2546 1422 2587 oe·

245 2625 366 2696 uideret,
394 2629 522 2706 persequi
545 2629 676 2699 instituit,
697 2639 727 2688 el
743 2627 779 2687 ad
794 2631 933 2688 civitatem
951 2627 1103 2687 Lundiuam
1115 2628 1181 2700 1θ),
1209 2627 1255 2685 uhi
1276 2647 1338 2687 oum
1361 2647 1421 2685 eum

246 2728 304 2784 suis
321 2724 459 2785 demorari
478 2728 626 2805 comperit,
649 2730 763 2807 navibus
782 2730 921 2806 applicuit.
967 2728 1087 2807 Cumque
1104 2727 1219 2786 navibus
1239 2747 1372 2807 egressus
1394 2730 1421 2785 io

246 2846 328 2899 uuum
346 2826 508 2885 conueniret
530 2829 684 2898 exereitus,
706 2829 789 2886 timor
804 2829 904 2886 inuasit
921 2846 1016 2896 omnes
1034 2828 1197 2896 immensus,
1226 2838 1255 2885 et
1276 2838 1306 2885 ut
1326 2847 1422 2897 naves,

194 2947 236 3003 25
246 2947 316 3008 quas
328 2929 338 2967 ¹
351 2928 377 3001 1)
391 2926 520 3005 Magnus,
542 2927 651 3005 nequis
669 2927 740 2985 forte
755 2946 792 2985 ex
807 2927 867 2985 acie
883 2925 919 2984 ad
934 2945 983 2986 eas
1001 2925 1173 3002 confugeret,
1196 2944 1212 2983 a
1227 2935 1303 2985 terra
1316 2927 1423 2985 iecerat

245 3027 358 3100 redum,
381 3027 471 3087 denuo
492 3028 567 3086 litori
588 3027 762 3106 postulabant
781 3026 889 3088 advehi.
934 3027 975 3086 Ae
991 3026 1125 3105 Magnus:
1155 3025 1242 3098 Quid,
1265 3027 1365 3107 inquit,
1388 3028 1422 3087 ti·

245 3130 341 3201 metis.
369 3129 469 3189 milites
487 3128 652 3188 fortissimi?
694 3130 798 3209 Viginti
821 3140 885 3188 suut
908 3130 981 3187 milia
1003 3129 1125 3186 virorum
1148 3127 1259 3187 fortium
1281 3129 1421 3188 exercitus

243 3233 348 3301 nostri,
367 3242 399 3290 et
413 3232 440 3289 si
454 3229 542 3310 capud
562 3229 654 3289 muudi
672 3229 787 3290 Romam
804 3230 881 3295 adire
896 3231 1062 3310 placuisset.
1084 3239 1161 3288 tante
1184 3229 1345 3289 multitudini
1359 3231 1421 3291 nul·

244 3333 286 3393 lus
307 3333 444 3392 obsistere
468 3334 622 3411 potuissetl
667 3332 724 3392 lllis
748 3344 878 3403 econtra,
905 3333 978 3391 nulla
1004 3331 1194 3391 consolatione
1215 3343 1343 3411 recepta,
1371 3331 1421 3394 sed

190 3454 234 3510 30
245 3435 356 3515 proprie
372 3435 428 3492 vite
445 3431 636 3506 diffidentibus,
660 3432 945 3506 David‚1adolesoens
962 3433 1101 3513 egregius,
1124 3432 1198 3492 Erici
1212 3435 1321 3493 sororis
1339 3434 1419 3507 filius,

243 3535 411 3613 iuLundiua
436 3536 548 3595 civitate
571 3534 719 3607 obsessus,
742 3556 802 3596 cum
820 3536 950 3617 trecentis
968 3534 1095 3592 militibus
1113 3534 1272 3595 fortissimis
1290 3534 1421 3593 Teutoni-

243 3638 337 3718 cisque
354 3656 496 3716 egressus,
519 3636 742 3697 adversariorum
757 3639 908 3697 exercitum
923 3636 1048 3695 cominus
1066 3635 1153 3693 lemur
1168 3636 1195 3693 in
1214 3635 1341 3707 medium,
1365 3636 1420 3694 dis·

243 3739 412 3818 mistisque
432 3739 537 3799 coenetis
555 3749 637 3819 atque
655 3738 836 3818 fugientibus,
858 3737 977 3821 Magnus
997 3737 1023 3794 in
1040 3746 1141 3795 terram
1158 3747 1315 3814 prostratus
1337 3735 1419 3795 relin-

245 3952 270 4023 1)
287 3953 403 4007 Rutlrard
417 3972 468 4006 wer
477 3954 629 4007 Enbhchof
642 3972 693 4007 rou
711 3952 818 4007 1088-
843 3952 941 4005 -Fot
953 3950 1019 4015 315,
1037 3950 1126 4015 cole,
1144 3949 1217 4004 lind
1233 3950 1342 4004 heericu

244 4036 311 4090 1109
329 4039 381 4090 und
397 4040 450 4091 sein
463 4039 751 4108 Neohfolgerhdelbert
766 4057 817 4091 uon
839 4039 869 4104 5)
885 4038 1034 4090 celebratur.
1110 4097 1118 4107 .

245 4116 348 4172 1109-
361 4122 435 4176 1137.
834 4118 869 4189 ,6)
884 4121 1048 4190 aeq—dum.

242 4200 271 4268 Ἰ)
286 4206 465 4272 perhnhentem.
842 4205 869 4274 7)
884 4216 1008 4274 reperent.

244 4285 272 4353 5)
286 4288 389 4340 dietum
841 4289 1068 4360 &imperatorem
1087 4344 1091 4353 .

244 4371 272 4437 4)
286 4372 348 4422 Hier
370 4374 403 4422 iat
427 4375 519 4427 wieder
541 4377 575 4428 im
593 4382 636 4429 Or.
662 4378 702 4429 ein
720 4377 817 4429 kleiner
841 4374 868 4443 9)
882 4375 993 4428 timidus.

243 4456 379 4507 Abschuitt
402 4474 445 4508 eus
468 4458 525 4510 dem
551 4462 595 4512 eh.
614 4463 650 4512 M.
676 4462 766 4530 (Mein.
784 4464 816 4524 li,
844 4462 885 4524 111)
901 4460 1058 4528 Lugdunum.

242 4539 302 4607 328,
317 4537 378 4610 329)
396 4543 442 4593 eui
457 4541 512 4593 Ful.
522 4540 602 4611 3141»,
619 4546 709 4611 echa,
724 4546 771 4598 lin.
782 4543 816 4599 11
843 4545 886 4612 11)
901 4561 973 4613 quoe.
